%YAML 1.1
%TAG !u! tag:unity3d.com,2011:
--- !u!1 &2330219651281915965
GameObject:
  m_ObjectHideFlags: 0
  m_CorrespondingSourceObject: {fileID: 0}
  m_PrefabInstance: {fileID: 0}
  m_PrefabAsset: {fileID: 0}
  serializedVersion: 6
  m_Component:
  - component: {fileID: 2354783025930482746}
  - component: {fileID: 7551969936442134576}
  - component: {fileID: 7501090133482751668}
  - component: {fileID: 107419305608422672}
  - component: {fileID: 2699225500732939790}
  - component: {fileID: 5511222268100394157}
  m_Layer: 0
  m_Name: stick02_lod4
  m_TagString: Untagged
  m_Icon: {fileID: 0}
  m_NavMeshLayer: 0
  m_StaticEditorFlags: 0
  m_IsActive: 1
--- !u!4 &2354783025930482746
Transform:
  m_ObjectHideFlags: 0
  m_CorrespondingSourceObject: {fileID: 0}
  m_PrefabInstance: {fileID: 0}
  m_PrefabAsset: {fileID: 0}
  m_GameObject: {fileID: 2330219651281915965}
  m_LocalRotation: {x: -0.50000006, y: -0.49999994, z: -0.49999997, w: 0.50000006}
  m_LocalPosition: {x: -1.103, y: 0, z: 0.7}
  m_LocalScale: {x: 1, y: 1, z: 1}
  m_Children: []
  m_Father: {fileID: 0}
  m_RootOrder: 0
  m_LocalEulerAnglesHint: {x: 0, y: 0, z: 0}
--- !u!33 &7551969936442134576
MeshFilter:
  m_ObjectHideFlags: 0
  m_CorrespondingSourceObject: {fileID: 0}
  m_PrefabInstance: {fileID: 0}
  m_PrefabAsset: {fileID: 0}
  m_GameObject: {fileID: 2330219651281915965}
  m_Mesh: {fileID: 3252398660586412258, guid: 704d575a891125b45adbd1ae14063045, type: 3}
--- !u!23 &7501090133482751668
MeshRenderer:
  m_ObjectHideFlags: 0
  m_CorrespondingSourceObject: {fileID: 0}
  m_PrefabInstance: {fileID: 0}
  m_PrefabAsset: {fileID: 0}
  m_GameObject: {fileID: 2330219651281915965}
  m_Enabled: 1
  m_CastShadows: 1
  m_ReceiveShadows: 1
  m_DynamicOccludee: 1
  m_MotionVectors: 1
  m_LightProbeUsage: 1
  m_ReflectionProbeUsage: 1
  m_RayTracingMode: 2
  m_RenderingLayerMask: 1
  m_RendererPriority: 0
  m_Materials:
  - {fileID: 2100000, guid: fdd5498ed819a1f499a0832d80cde448, type: 2}
  m_StaticBatchInfo:
    firstSubMesh: 0
    subMeshCount: 0
  m_StaticBatchRoot: {fileID: 0}
  m_ProbeAnchor: {fileID: 0}
  m_LightProbeVolumeOverride: {fileID: 0}
  m_ScaleInLightmap: 1
  m_ReceiveGI: 1
  m_PreserveUVs: 0
  m_IgnoreNormalsForChartDetection: 0
  m_ImportantGI: 0
  m_StitchLightmapSeams: 1
  m_SelectedEditorRenderState: 3
  m_MinimumChartSize: 4
  m_AutoUVMaxDistance: 0.5
  m_AutoUVMaxAngle: 89
  m_LightmapParameters: {fileID: 0}
  m_SortingLayerID: 0
  m_SortingLayer: 0
  m_SortingOrder: 0
--- !u!65 &107419305608422672
BoxCollider:
  m_ObjectHideFlags: 0
  m_CorrespondingSourceObject: {fileID: 0}
  m_PrefabInstance: {fileID: 0}
  m_PrefabAsset: {fileID: 0}
  m_GameObject: {fileID: 2330219651281915965}
  m_Material: {fileID: 0}
  m_IsTrigger: 0
  m_Enabled: 1
  serializedVersion: 2
  m_Size: {x: 0.01057404, y: 0.0022770802, z: 0.0017602099}
  m_Center: {x: -0.000090810005, y: 0.00003644999, z: 0.000034825032}
--- !u!135 &2699225500732939790
SphereCollider:
  m_ObjectHideFlags: 0
  m_CorrespondingSourceObject: {fileID: 0}
  m_PrefabInstance: {fileID: 0}
  m_PrefabAsset: {fileID: 0}
  m_GameObject: {fileID: 2330219651281915965}
  m_Material: {fileID: 0}
  m_IsTrigger: 1
  m_Enabled: 1
  serializedVersion: 2
  m_Radius: 0.02
  m_Center: {x: -0.000090810005, y: 0.00003644999, z: 0.000034825032}
--- !u!114 &5511222268100394157
MonoBehaviour:
  m_ObjectHideFlags: 0
  m_CorrespondingSourceObject: {fileID: 0}
  m_PrefabInstance: {fileID: 0}
  m_PrefabAsset: {fileID: 0}
  m_GameObject: {fileID: 2330219651281915965}
  m_Enabled: 1
  m_EditorHideFlags: 0
  m_Script: {fileID: 11500000, guid: 344fe3850a33dde459e8df763ce6c5aa, type: 3}
  m_Name: 
  m_EditorClassIdentifier: 
  _startOnFire: 0
  _burnThreshold: 1
  _extinguishThreshold: 14
  _temperatureDeltaWhileBurning: 1
  _isBurning: 0
  _emissionMesh: {fileID: 0}
  _emissionSkinnedMesh: {fileID: 0}
  _useSkinnedMesh: 0
  _fireColliderTrigger: {fileID: 0}
  _fireParticleSysPrefab: {fileID: 5579418006267445530, guid: 62cb983c45390e14981823a48f54d654,
    type: 3}
  _blackMat: {fileID: 2100000, guid: 20182db3732ea0c4fa190905f6b1e37e, type: 2}
  _burnSoundClips:
  - {fileID: 8300000, guid: 08c90dfc324ff124583bf1256a11a87d, type: 3}
  - {fileID: 8300000, guid: 6e074be706a99354ab193e9523c4144c, type: 3}
  - {fileID: 8300000, guid: 4db77b47827da9d40b3ffa3ca0217cd4, type: 3}
  - {fileID: 8300000, guid: 9115a05ff6d51e14abd8a5e63c5bfc60, type: 3}
