%YAML 1.1
%TAG !u! tag:unity3d.com,2011:
--- !u!1 &4002024157624462807
GameObject:
  m_ObjectHideFlags: 0
  m_CorrespondingSourceObject: {fileID: 0}
  m_PrefabInstance: {fileID: 0}
  m_PrefabAsset: {fileID: 0}
  serializedVersion: 6
  m_Component:
  - component: {fileID: 2538376367527154868}
  - component: {fileID: 8293364758627233346}
  - component: {fileID: 8555714891895599096}
  - component: {fileID: 3573348041629986016}
  - component: {fileID: 4160528090133550009}
  - component: {fileID: 4123055136666985835}
  m_Layer: 0
  m_Name: stick13_lod4
  m_TagString: Untagged
  m_Icon: {fileID: 0}
  m_NavMeshLayer: 0
  m_StaticEditorFlags: 0
  m_IsActive: 1
--- !u!4 &2538376367527154868
Transform:
  m_ObjectHideFlags: 0
  m_CorrespondingSourceObject: {fileID: 0}
  m_PrefabInstance: {fileID: 0}
  m_PrefabAsset: {fileID: 0}
  m_GameObject: {fileID: 4002024157624462807}
  m_LocalRotation: {x: -0.50000006, y: -0.49999994, z: -0.49999997, w: 0.50000006}
  m_LocalPosition: {x: -1.779, y: 0, z: 1.836}
  m_LocalScale: {x: 1, y: 1, z: 1}
  m_Children: []
  m_Father: {fileID: 0}
  m_RootOrder: 0
  m_LocalEulerAnglesHint: {x: 0, y: 0, z: 0}
--- !u!33 &8293364758627233346
MeshFilter:
  m_ObjectHideFlags: 0
  m_CorrespondingSourceObject: {fileID: 0}
  m_PrefabInstance: {fileID: 0}
  m_PrefabAsset: {fileID: 0}
  m_GameObject: {fileID: 4002024157624462807}
  m_Mesh: {fileID: -3190038843198359421, guid: 704d575a891125b45adbd1ae14063045, type: 3}
--- !u!23 &8555714891895599096
MeshRenderer:
  m_ObjectHideFlags: 0
  m_CorrespondingSourceObject: {fileID: 0}
  m_PrefabInstance: {fileID: 0}
  m_PrefabAsset: {fileID: 0}
  m_GameObject: {fileID: 4002024157624462807}
  m_Enabled: 1
  m_CastShadows: 1
  m_ReceiveShadows: 1
  m_DynamicOccludee: 1
  m_MotionVectors: 1
  m_LightProbeUsage: 1
  m_ReflectionProbeUsage: 1
  m_RayTracingMode: 2
  m_RenderingLayerMask: 1
  m_RendererPriority: 0
  m_Materials:
  - {fileID: 2100000, guid: ca95c1a904771a4448e3762833de6b2a, type: 2}
  m_StaticBatchInfo:
    firstSubMesh: 0
    subMeshCount: 0
  m_StaticBatchRoot: {fileID: 0}
  m_ProbeAnchor: {fileID: 0}
  m_LightProbeVolumeOverride: {fileID: 0}
  m_ScaleInLightmap: 1
  m_ReceiveGI: 1
  m_PreserveUVs: 0
  m_IgnoreNormalsForChartDetection: 0
  m_ImportantGI: 0
  m_StitchLightmapSeams: 1
  m_SelectedEditorRenderState: 3
  m_MinimumChartSize: 4
  m_AutoUVMaxDistance: 0.5
  m_AutoUVMaxAngle: 89
  m_LightmapParameters: {fileID: 0}
  m_SortingLayerID: 0
  m_SortingLayer: 0
  m_SortingOrder: 0
--- !u!135 &3573348041629986016
SphereCollider:
  m_ObjectHideFlags: 0
  m_CorrespondingSourceObject: {fileID: 0}
  m_PrefabInstance: {fileID: 0}
  m_PrefabAsset: {fileID: 0}
  m_GameObject: {fileID: 4002024157624462807}
  m_Material: {fileID: 0}
  m_IsTrigger: 1
  m_Enabled: 1
  serializedVersion: 2
  m_Radius: 0.02
  m_Center: {x: 0.00034061493, y: 0.000024809957, z: 0.00010180997}
--- !u!65 &4160528090133550009
BoxCollider:
  m_ObjectHideFlags: 0
  m_CorrespondingSourceObject: {fileID: 0}
  m_PrefabInstance: {fileID: 0}
  m_PrefabAsset: {fileID: 0}
  m_GameObject: {fileID: 4002024157624462807}
  m_Material: {fileID: 0}
  m_IsTrigger: 0
  m_Enabled: 1
  serializedVersion: 2
  m_Size: {x: 0.01001643, y: 0.0013961403, z: 0.0015159999}
  m_Center: {x: 0.00034061493, y: 0.000024809957, z: 0.00010180997}
--- !u!114 &4123055136666985835
MonoBehaviour:
  m_ObjectHideFlags: 0
  m_CorrespondingSourceObject: {fileID: 0}
  m_PrefabInstance: {fileID: 0}
  m_PrefabAsset: {fileID: 0}
  m_GameObject: {fileID: 4002024157624462807}
  m_Enabled: 1
  m_EditorHideFlags: 0
  m_Script: {fileID: 11500000, guid: 344fe3850a33dde459e8df763ce6c5aa, type: 3}
  m_Name: 
  m_EditorClassIdentifier: 
  _startOnFire: 0
  _burnThreshold: 1
  _extinguishThreshold: 14
  _temperatureDeltaWhileBurning: 1
  _isBurning: 0
  _emissionMesh: {fileID: 0}
  _emissionSkinnedMesh: {fileID: 0}
  _useSkinnedMesh: 0
  _fireColliderTrigger: {fileID: 0}
  _fireParticleSysPrefab: {fileID: 5579418006267445530, guid: 62cb983c45390e14981823a48f54d654,
    type: 3}
  _blackMat: {fileID: 2100000, guid: 20182db3732ea0c4fa190905f6b1e37e, type: 2}
  _burnSoundClips:
  - {fileID: 8300000, guid: 08c90dfc324ff124583bf1256a11a87d, type: 3}
  - {fileID: 8300000, guid: 6e074be706a99354ab193e9523c4144c, type: 3}
  - {fileID: 8300000, guid: 4db77b47827da9d40b3ffa3ca0217cd4, type: 3}
  - {fileID: 8300000, guid: 9115a05ff6d51e14abd8a5e63c5bfc60, type: 3}
