%YAML 1.1
%TAG !u! tag:unity3d.com,2011:
--- !u!1 &180698310112567513
GameObject:
  m_ObjectHideFlags: 0
  m_CorrespondingSourceObject: {fileID: 0}
  m_PrefabInstance: {fileID: 0}
  m_PrefabAsset: {fileID: 0}
  serializedVersion: 6
  m_Component:
  - component: {fileID: 8172907658498429628}
  m_Layer: 0
  m_Name: MetatarsusFront.R
  m_TagString: Untagged
  m_Icon: {fileID: 0}
  m_NavMeshLayer: 0
  m_StaticEditorFlags: 0
  m_IsActive: 1
--- !u!4 &8172907658498429628
Transform:
  m_ObjectHideFlags: 0
  m_CorrespondingSourceObject: {fileID: 0}
  m_PrefabInstance: {fileID: 0}
  m_PrefabAsset: {fileID: 0}
  m_GameObject: {fileID: 180698310112567513}
  m_LocalRotation: {x: 0.0000004041217, y: -0.0000014122417, z: -0.14349896, w: 0.9896505}
  m_LocalPosition: {x: 7.638724e-10, y: 0.0026778104, z: -2.8460363e-11}
  m_LocalScale: {x: 1, y: 1.0000001, z: 1}
  m_Children:
  - {fileID: 720086505371682894}
  m_Father: {fileID: 743528014568335297}
  m_RootOrder: 0
  m_LocalEulerAnglesHint: {x: -17.575521, y: 11.943805, z: -14.384435}
--- !u!1 &237703141663513671
GameObject:
  m_ObjectHideFlags: 0
  m_CorrespondingSourceObject: {fileID: 0}
  m_PrefabInstance: {fileID: 0}
  m_PrefabAsset: {fileID: 0}
  serializedVersion: 6
  m_Component:
  - component: {fileID: 3540722389611373860}
  m_Layer: 0
  m_Name: TarsusMidFront.L
  m_TagString: Untagged
  m_Icon: {fileID: 0}
  m_NavMeshLayer: 0
  m_StaticEditorFlags: 0
  m_IsActive: 1
--- !u!4 &3540722389611373860
Transform:
  m_ObjectHideFlags: 0
  m_CorrespondingSourceObject: {fileID: 0}
  m_PrefabInstance: {fileID: 0}
  m_PrefabAsset: {fileID: 0}
  m_GameObject: {fileID: 237703141663513671}
  m_LocalRotation: {x: -0.000000006836585, y: -0.00000012999725, z: -0.013821042,
    w: 0.9999045}
  m_LocalPosition: {x: 7.455481e-10, y: 0.005645025, z: 5.1259687e-11}
  m_LocalScale: {x: 0.9999999, y: 0.9999998, z: 1}
  m_Children:
  - {fileID: 2289275770582155850}
  m_Father: {fileID: 5671456449753995551}
  m_RootOrder: 0
  m_LocalEulerAnglesHint: {x: -13.951646, y: -0.71680677, z: 1.5869592}
--- !u!1 &253206843351592891
GameObject:
  m_ObjectHideFlags: 0
  m_CorrespondingSourceObject: {fileID: 0}
  m_PrefabInstance: {fileID: 0}
  m_PrefabAsset: {fileID: 0}
  serializedVersion: 6
  m_Component:
  - component: {fileID: 8067972706249918871}
  m_Layer: 0
  m_Name: CoxaMid.L
  m_TagString: Untagged
  m_Icon: {fileID: 0}
  m_NavMeshLayer: 0
  m_StaticEditorFlags: 0
  m_IsActive: 1
--- !u!4 &8067972706249918871
Transform:
  m_ObjectHideFlags: 0
  m_CorrespondingSourceObject: {fileID: 0}
  m_PrefabInstance: {fileID: 0}
  m_PrefabAsset: {fileID: 0}
  m_GameObject: {fileID: 253206843351592891}
  m_LocalRotation: {x: -0.53383005, y: 0.789681, z: 0.09562567, w: 0.2868538}
  m_LocalPosition: {x: -0.0035244122, y: 0.007031166, z: 0.00082452886}
  m_LocalScale: {x: 0.99999994, y: 1.0000001, z: 1}
  m_Children:
  - {fileID: 1968544822573863319}
  m_Father: {fileID: 4797316361473048382}
  m_RootOrder: 3
  m_LocalEulerAnglesHint: {x: -7.0480633, y: 164.0861, z: -50.990425}
--- !u!1 &320138418046913199
GameObject:
  m_ObjectHideFlags: 0
  m_CorrespondingSourceObject: {fileID: 0}
  m_PrefabInstance: {fileID: 0}
  m_PrefabAsset: {fileID: 0}
  serializedVersion: 6
  m_Component:
  - component: {fileID: 8573719456864635792}
  m_Layer: 0
  m_Name: FemurFront.L
  m_TagString: Untagged
  m_Icon: {fileID: 0}
  m_NavMeshLayer: 0
  m_StaticEditorFlags: 0
  m_IsActive: 1
--- !u!4 &8573719456864635792
Transform:
  m_ObjectHideFlags: 0
  m_CorrespondingSourceObject: {fileID: 0}
  m_PrefabInstance: {fileID: 0}
  m_PrefabAsset: {fileID: 0}
  m_GameObject: {fileID: 320138418046913199}
  m_LocalRotation: {x: -0.06945926, y: 0.37274447, z: 0.058734007, w: 0.92346483}
  m_LocalPosition: {x: 1.862645e-10, y: 0.004510432, z: 1.11758706e-10}
  m_LocalScale: {x: 0.99999994, y: 1, z: 0.9999999}
  m_Children:
  - {fileID: 7194032980525544693}
  m_Father: {fileID: 4998114496923042540}
  m_RootOrder: 0
  m_LocalEulerAnglesHint: {x: 33.660305, y: 116.568306, z: -4.550184}
--- !u!1 &759830630297591548
GameObject:
  m_ObjectHideFlags: 0
  m_CorrespondingSourceObject: {fileID: 0}
  m_PrefabInstance: {fileID: 0}
  m_PrefabAsset: {fileID: 0}
  serializedVersion: 6
  m_Component:
  - component: {fileID: 8230502439155098156}
  m_Layer: 0
  m_Name: PatellaTibiaRear.L
  m_TagString: Untagged
  m_Icon: {fileID: 0}
  m_NavMeshLayer: 0
  m_StaticEditorFlags: 0
  m_IsActive: 1
--- !u!4 &8230502439155098156
Transform:
  m_ObjectHideFlags: 0
  m_CorrespondingSourceObject: {fileID: 0}
  m_PrefabInstance: {fileID: 0}
  m_PrefabAsset: {fileID: 0}
  m_GameObject: {fileID: 759830630297591548}
  m_LocalRotation: {x: 0.006824112, y: 0.0007651389, z: -0.2992458, w: 0.9541514}
  m_LocalPosition: {x: -2.552838e-10, y: 0.011944328, z: -5.122274e-11}
  m_LocalScale: {x: 1, y: 1, z: 1}
  m_Children:
  - {fileID: 944126510261109648}
  m_Father: {fileID: 4830751792058749734}
  m_RootOrder: 0
  m_LocalEulerAnglesHint: {x: -49.144863, y: 69.57519, z: -71.339485}
--- !u!1 &867898761994475836
GameObject:
  m_ObjectHideFlags: 0
  m_CorrespondingSourceObject: {fileID: 0}
  m_PrefabInstance: {fileID: 0}
  m_PrefabAsset: {fileID: 0}
  serializedVersion: 6
  m_Component:
  - component: {fileID: 1259597660926896957}
  m_Layer: 0
  m_Name: PatellaTibiaMidFront.R
  m_TagString: Untagged
  m_Icon: {fileID: 0}
  m_NavMeshLayer: 0
  m_StaticEditorFlags: 0
  m_IsActive: 1
--- !u!4 &1259597660926896957
Transform:
  m_ObjectHideFlags: 0
  m_CorrespondingSourceObject: {fileID: 0}
  m_PrefabInstance: {fileID: 0}
  m_PrefabAsset: {fileID: 0}
  m_GameObject: {fileID: 867898761994475836}
  m_LocalRotation: {x: 0.00006113231, y: -0.00019564907, z: -0.29575405, w: 0.95526415}
  m_LocalPosition: {x: -0.0000000010693838, y: 0.011639702, z: -3.9290172e-11}
  m_LocalScale: {x: 1, y: 0.99999994, z: 0.99999994}
  m_Children:
  - {fileID: 2545751603719308303}
  m_Father: {fileID: 4258520868701416681}
  m_RootOrder: 0
  m_LocalEulerAnglesHint: {x: -56.285877, y: 110.87945, z: -114.374176}
--- !u!1 &918535435866498111
GameObject:
  m_ObjectHideFlags: 0
  m_CorrespondingSourceObject: {fileID: 0}
  m_PrefabInstance: {fileID: 0}
  m_PrefabAsset: {fileID: 0}
  serializedVersion: 6
  m_Component:
  - component: {fileID: 6630720279441740693}
  m_Layer: 0
  m_Name: FemurRear.R
  m_TagString: Untagged
  m_Icon: {fileID: 0}
  m_NavMeshLayer: 0
  m_StaticEditorFlags: 0
  m_IsActive: 1
--- !u!4 &6630720279441740693
Transform:
  m_ObjectHideFlags: 0
  m_CorrespondingSourceObject: {fileID: 0}
  m_PrefabInstance: {fileID: 0}
  m_PrefabAsset: {fileID: 0}
  m_GameObject: {fileID: 918535435866498111}
  m_LocalRotation: {x: -0.10198943, y: -0.04131666, z: 0.0455144, w: 0.99288446}
  m_LocalPosition: {x: -8.381903e-11, y: 0.004563646, z: -7.4505804e-11}
  m_LocalScale: {x: 1, y: 0.99999994, z: 1.0000001}
  m_Children:
  - {fileID: 3665278839261932234}
  m_Father: {fileID: 2568758879650834839}
  m_RootOrder: 0
  m_LocalEulerAnglesHint: {x: -26.67567, y: 18.581656, z: -2.3581913}
--- !u!1 &1018909761966353854
GameObject:
  m_ObjectHideFlags: 0
  m_CorrespondingSourceObject: {fileID: 0}
  m_PrefabInstance: {fileID: 0}
  m_PrefabAsset: {fileID: 0}
  serializedVersion: 6
  m_Component:
  - component: {fileID: 6689134411471338650}
  m_Layer: 0
  m_Name: TarsusMidRear.R_end
  m_TagString: Untagged
  m_Icon: {fileID: 0}
  m_NavMeshLayer: 0
  m_StaticEditorFlags: 0
  m_IsActive: 1
--- !u!4 &6689134411471338650
Transform:
  m_ObjectHideFlags: 0
  m_CorrespondingSourceObject: {fileID: 0}
  m_PrefabInstance: {fileID: 0}
  m_PrefabAsset: {fileID: 0}
  m_GameObject: {fileID: 1018909761966353854}
  m_LocalRotation: {x: 0, y: -0, z: -0, w: 1}
  m_LocalPosition: {x: -0, y: 0.0048551187, z: 0}
  m_LocalScale: {x: 1, y: 1, z: 1}
  m_Children: []
  m_Father: {fileID: 4890888636040881559}
  m_RootOrder: 0
  m_LocalEulerAnglesHint: {x: 0, y: 0, z: 0}
--- !u!1 &1323140011839601927
GameObject:
  m_ObjectHideFlags: 0
  m_CorrespondingSourceObject: {fileID: 0}
  m_PrefabInstance: {fileID: 0}
  m_PrefabAsset: {fileID: 0}
  serializedVersion: 6
  m_Component:
  - component: {fileID: 2596295551890280212}
  - component: {fileID: 7962328196973185935}
  - component: {fileID: 6283944716800671143}
  - component: {fileID: 1257420945025597574}
  - component: {fileID: 6320490938845792120}
  - component: {fileID: 2315623770801682821}
  - component: {fileID: 667717799836754732}
  - component: {fileID: 559724609851077856}
  - component: {fileID: 1200609808}
  - component: {fileID: 82621137774879306}
  m_Layer: 0
  m_Name: Wolf Spider
  m_TagString: Flammable
  m_Icon: {fileID: 0}
  m_NavMeshLayer: 0
  m_StaticEditorFlags: 0
  m_IsActive: 1
--- !u!4 &2596295551890280212
Transform:
  m_ObjectHideFlags: 0
  m_CorrespondingSourceObject: {fileID: 0}
  m_PrefabInstance: {fileID: 0}
  m_PrefabAsset: {fileID: 0}
  m_GameObject: {fileID: 1323140011839601927}
  m_LocalRotation: {x: 0, y: 0, z: 0, w: 1}
  m_LocalPosition: {x: 0, y: 0, z: 0}
  m_LocalScale: {x: 0.5, y: 0.5, z: 0.5}
  m_Children:
  - {fileID: 1777215041867138202}
  - {fileID: 2979479646147718260}
  - {fileID: 347378876403593473}
  - {fileID: 7970458272914587709}
  m_Father: {fileID: 0}
  m_RootOrder: 0
  m_LocalEulerAnglesHint: {x: 0, y: 0, z: 0}
--- !u!54 &7962328196973185935
Rigidbody:
  m_ObjectHideFlags: 0
  m_CorrespondingSourceObject: {fileID: 0}
  m_PrefabInstance: {fileID: 0}
  m_PrefabAsset: {fileID: 0}
  m_GameObject: {fileID: 1323140011839601927}
  serializedVersion: 2
  m_Mass: 1
  m_Drag: 0
  m_AngularDrag: 0.05
  m_UseGravity: 0
  m_IsKinematic: 1
  m_Interpolate: 0
  m_Constraints: 0
  m_CollisionDetection: 0
--- !u!114 &6283944716800671143
MonoBehaviour:
  m_ObjectHideFlags: 0
  m_CorrespondingSourceObject: {fileID: 0}
  m_PrefabInstance: {fileID: 0}
  m_PrefabAsset: {fileID: 0}
  m_GameObject: {fileID: 1323140011839601927}
  m_Enabled: 1
  m_EditorHideFlags: 0
  m_Script: {fileID: 11500000, guid: 6fe8e88cb43c9fe44be5932e0d4df9fb, type: 3}
  m_Name: 
  m_EditorClassIdentifier: 
  playerLayer:
    serializedVersion: 2
    m_Bits: 256
  _detectionReset: 12
  _suspicionReset: 5
  _idleChangePosTime: 5
  _wanderRadius: 7
  _detectors: []
  _visionAngleCosine: 0.75
  _visionDistanceAlert: 30
  _visionDistanceSuspicion: 50
  idleWanderSpeed: 5
  suspiciousWanderSpeed: 7
  detectionRunSpeed: 14
  _bodyImpactClip: {fileID: 8300000, guid: c4551698543a2ad4594167079fb85cb2, type: 3}
  _skullSmackClip: {fileID: 8300000, guid: 93bc63124c5a84c40869229322debf37, type: 3}
  _skinBreakClip: {fileID: 8300000, guid: 8467e0709766caa49bb588818cb9a80f, type: 3}
  _fleshPierce: {fileID: 8300000, guid: 87d74ba5d687ba54080924dc34000a43, type: 3}
  _biteClip: {fileID: 8300000, guid: cf94828e859899c47aac1dfbbffc6240, type: 3}
  _clawClips:
  - {fileID: 8300000, guid: 9ed6de2857a7b8b43a926c200fa68efc, type: 3}
  - {fileID: 8300000, guid: 94836b13f6bff004e9cf6381f9850b85, type: 3}
  - {fileID: 8300000, guid: fff0a90f2fac657448c6950fbe3b8089, type: 3}
  _warningClips:
  - {fileID: 8300000, guid: 7c607676b3c964346b99e0091e296045, type: 3}
  - {fileID: 8300000, guid: bc885e2af57733541b1f13a384520653, type: 3}
  - {fileID: 8300000, guid: bc885e2af57733541b1f13a384520653, type: 3}
  _leapClip: {fileID: 8300000, guid: 6066dc322b9e9de46bfe06c870f0d31e, type: 3}
  _painClips:
  - {fileID: 8300000, guid: 9c91528cf93d8c346a9e306147ccf7a8, type: 3}
  - {fileID: 8300000, guid: 09cc80eb7defb3245ba2781158e32ea3, type: 3}
  - {fileID: 8300000, guid: f04e298c4c600be4fb0e54ebab4654d5, type: 3}
  - {fileID: 8300000, guid: b735ed95358cc144384cea1b9185a961, type: 3}
  _dieClip: {fileID: 8300000, guid: 24fcc63308b643f4b8adfb8c3488fb36, type: 3}
  _footstepSounds:
  - {fileID: 8300000, guid: fee01a1f16e42884ea07936672779cec, type: 3}
  - {fileID: 8300000, guid: 1a5c1d4c3f0d8e545b37f6e87c03e81d, type: 3}
  - {fileID: 8300000, guid: 757d81f1275a0974487571687efb3035, type: 3}
  - {fileID: 8300000, guid: fcb13b6e097f69a4f8ea84fca6d7ce71, type: 3}
  - {fileID: 8300000, guid: 6193c0dce3cebde4e96d53595484e240, type: 3}
--- !u!195 &1257420945025597574
NavMeshAgent:
  m_ObjectHideFlags: 0
  m_CorrespondingSourceObject: {fileID: 0}
  m_PrefabInstance: {fileID: 0}
  m_PrefabAsset: {fileID: 0}
  m_GameObject: {fileID: 1323140011839601927}
  m_Enabled: 1
  m_AgentTypeID: -1372625422
  m_Radius: 1
  m_Speed: 20
  m_Acceleration: 35
  avoidancePriority: 50
  m_AngularSpeed: 360
  m_StoppingDistance: 0
  m_AutoTraverseOffMeshLink: 1
  m_AutoBraking: 1
  m_AutoRepath: 1
  m_Height: 0.6
  m_BaseOffset: 0
  m_WalkableMask: 4294967295
  m_ObstacleAvoidanceType: 4
--- !u!95 &6320490938845792120
Animator:
  serializedVersion: 3
  m_ObjectHideFlags: 0
  m_CorrespondingSourceObject: {fileID: 0}
  m_PrefabInstance: {fileID: 0}
  m_PrefabAsset: {fileID: 0}
  m_GameObject: {fileID: 1323140011839601927}
  m_Enabled: 1
  m_Avatar: {fileID: 0}
  m_Controller: {fileID: 9100000, guid: eb3b77b713499234dafccd19e5a1b8e6, type: 2}
  m_CullingMode: 0
  m_UpdateMode: 0
  m_ApplyRootMotion: 0
  m_LinearVelocityBlending: 0
  m_WarningMessage: 
  m_HasTransformHierarchy: 1
  m_AllowConstantClipSamplingOptimization: 1
  m_KeepAnimatorControllerStateOnDisable: 0
--- !u!82 &2315623770801682821
AudioSource:
  m_ObjectHideFlags: 0
  m_CorrespondingSourceObject: {fileID: 0}
  m_PrefabInstance: {fileID: 0}
  m_PrefabAsset: {fileID: 0}
  m_GameObject: {fileID: 1323140011839601927}
  m_Enabled: 1
  serializedVersion: 4
  OutputAudioMixerGroup: {fileID: 0}
  m_audioClip: {fileID: 0}
  m_PlayOnAwake: 0
  m_Volume: 1
  m_Pitch: 1
  Loop: 0
  Mute: 0
  Spatialize: 0
  SpatializePostEffects: 0
  Priority: 128
  DopplerLevel: 0
  MinDistance: 4
  MaxDistance: 145
  Pan2D: 0
  rolloffMode: 2
  BypassEffects: 0
  BypassListenerEffects: 0
  BypassReverbZones: 0
  rolloffCustomCurve:
    serializedVersion: 2
    m_Curve:
    - serializedVersion: 3
      time: 0.027586207
      value: 1
      inSlope: -36.2645
      outSlope: -36.2645
      tangentMode: 0
      weightedMode: 0
      inWeight: 0
      outWeight: 0
    - serializedVersion: 3
      time: 0.055172414
      value: 0.5
      inSlope: -9.066125
      outSlope: -9.066125
      tangentMode: 0
      weightedMode: 0
      inWeight: 0
      outWeight: 0
    - serializedVersion: 3
      time: 0.11034483
      value: 0.25
      inSlope: -2.2665312
      outSlope: -2.2665312
      tangentMode: 0
      weightedMode: 0
      inWeight: 0
      outWeight: 0
    - serializedVersion: 3
      time: 0.22068965
      value: 0.125
      inSlope: -0.5666328
      outSlope: -0.5666328
      tangentMode: 0
      weightedMode: 0
      inWeight: 0
      outWeight: 0
    - serializedVersion: 3
      time: 0.4413793
      value: 0.0625
      inSlope: -0.1416582
      outSlope: -0.1416582
      tangentMode: 0
      weightedMode: 0
      inWeight: 0
      outWeight: 0
    - serializedVersion: 3
      time: 0.74356794
      value: 0.020462036
      inSlope: -0.03541455
      outSlope: -0.03541455
      tangentMode: 0
      weightedMode: 0
      inWeight: 0
      outWeight: 0
    - serializedVersion: 3
      time: 1
      value: 0
      inSlope: -0.027597183
      outSlope: -0.027597183
      tangentMode: 0
      weightedMode: 0
      inWeight: 0
      outWeight: 0
    m_PreInfinity: 2
    m_PostInfinity: 2
    m_RotationOrder: 4
  panLevelCustomCurve:
    serializedVersion: 2
    m_Curve:
    - serializedVersion: 3
      time: 0
      value: 1
      inSlope: 0
      outSlope: 0
      tangentMode: 0
      weightedMode: 0
      inWeight: 0.33333334
      outWeight: 0.33333334
    m_PreInfinity: 2
    m_PostInfinity: 2
    m_RotationOrder: 4
  spreadCustomCurve:
    serializedVersion: 2
    m_Curve:
    - serializedVersion: 3
      time: 0
      value: 0.2611111
      inSlope: 0
      outSlope: 0
      tangentMode: 0
      weightedMode: 0
      inWeight: 0.33333334
      outWeight: 0.33333334
    m_PreInfinity: 2
    m_PostInfinity: 2
    m_RotationOrder: 4
  reverbZoneMixCustomCurve:
    serializedVersion: 2
    m_Curve:
    - serializedVersion: 3
      time: 0
      value: 1
      inSlope: 0
      outSlope: 0
      tangentMode: 0
      weightedMode: 0
      inWeight: 0.33333334
      outWeight: 0.33333334
    m_PreInfinity: 2
    m_PostInfinity: 2
    m_RotationOrder: 4
--- !u!82 &667717799836754732
AudioSource:
  m_ObjectHideFlags: 0
  m_CorrespondingSourceObject: {fileID: 0}
  m_PrefabInstance: {fileID: 0}
  m_PrefabAsset: {fileID: 0}
  m_GameObject: {fileID: 1323140011839601927}
  m_Enabled: 1
  serializedVersion: 4
  OutputAudioMixerGroup: {fileID: 0}
  m_audioClip: {fileID: 0}
  m_PlayOnAwake: 0
  m_Volume: 1
  m_Pitch: 1
  Loop: 0
  Mute: 0
  Spatialize: 0
  SpatializePostEffects: 0
  Priority: 128
  DopplerLevel: 0
  MinDistance: 1
  MaxDistance: 500
  Pan2D: 0
  rolloffMode: 0
  BypassEffects: 0
  BypassListenerEffects: 0
  BypassReverbZones: 0
  rolloffCustomCurve:
    serializedVersion: 2
    m_Curve:
    - serializedVersion: 3
      time: 0
      value: 1
      inSlope: 0
      outSlope: 0
      tangentMode: 0
      weightedMode: 0
      inWeight: 0.33333334
      outWeight: 0.33333334
    - serializedVersion: 3
      time: 1
      value: 0
      inSlope: 0
      outSlope: 0
      tangentMode: 0
      weightedMode: 0
      inWeight: 0.33333334
      outWeight: 0.33333334
    m_PreInfinity: 2
    m_PostInfinity: 2
    m_RotationOrder: 4
  panLevelCustomCurve:
    serializedVersion: 2
    m_Curve:
    - serializedVersion: 3
      time: 0
      value: 1
      inSlope: 0
      outSlope: 0
      tangentMode: 0
      weightedMode: 0
      inWeight: 0.33333334
      outWeight: 0.33333334
    m_PreInfinity: 2
    m_PostInfinity: 2
    m_RotationOrder: 4
  spreadCustomCurve:
    serializedVersion: 2
    m_Curve:
    - serializedVersion: 3
      time: 0
      value: 0.13055556
      inSlope: 0
      outSlope: 0
      tangentMode: 0
      weightedMode: 0
      inWeight: 0.33333334
      outWeight: 0.33333334
    m_PreInfinity: 2
    m_PostInfinity: 2
    m_RotationOrder: 4
  reverbZoneMixCustomCurve:
    serializedVersion: 2
    m_Curve:
    - serializedVersion: 3
      time: 0
      value: 1
      inSlope: 0
      outSlope: 0
      tangentMode: 0
      weightedMode: 0
      inWeight: 0.33333334
      outWeight: 0.33333334
    m_PreInfinity: 2
    m_PostInfinity: 2
    m_RotationOrder: 4
--- !u!114 &559724609851077856
MonoBehaviour:
  m_ObjectHideFlags: 0
  m_CorrespondingSourceObject: {fileID: 0}
  m_PrefabInstance: {fileID: 0}
  m_PrefabAsset: {fileID: 0}
  m_GameObject: {fileID: 1323140011839601927}
  m_Enabled: 1
  m_EditorHideFlags: 0
  m_Script: {fileID: 11500000, guid: 344fe3850a33dde459e8df763ce6c5aa, type: 3}
  m_Name: 
  m_EditorClassIdentifier: 
  _startOnFire: 1
  _burnThreshold: 2
  _extinguishThreshold: 25
  _temperatureDeltaWhileBurning: 1
  _isBurning: 0
  _emissionMesh: {fileID: 0}
  _emissionSkinnedMesh: {fileID: 6727443026666285761}
  _useSkinnedMesh: 1
  _fireColliderTrigger: {fileID: 82621137774879306}
  _fireParticleSysPrefab: {fileID: 5579418006267445530, guid: 19ae9cca83bd44245b1ac7485062e892,
    type: 3}
  _blackMat: {fileID: 2100000, guid: 20182db3732ea0c4fa190905f6b1e37e, type: 2}
  _burnSoundClips:
  - {fileID: 8300000, guid: 08c90dfc324ff124583bf1256a11a87d, type: 3}
  - {fileID: 8300000, guid: 4db77b47827da9d40b3ffa3ca0217cd4, type: 3}
  - {fileID: 8300000, guid: 6e074be706a99354ab193e9523c4144c, type: 3}
--- !u!82 &1200609808
AudioSource:
  m_ObjectHideFlags: 0
  m_CorrespondingSourceObject: {fileID: 0}
  m_PrefabInstance: {fileID: 0}
  m_PrefabAsset: {fileID: 0}
  m_GameObject: {fileID: 1323140011839601927}
  m_Enabled: 1
  serializedVersion: 4
  OutputAudioMixerGroup: {fileID: 0}
  m_audioClip: {fileID: 0}
  m_PlayOnAwake: 0
  m_Volume: 1
  m_Pitch: 1
  Loop: 0
  Mute: 0
  Spatialize: 0
  SpatializePostEffects: 0
  Priority: 63
  DopplerLevel: 0
  MinDistance: 1
  MaxDistance: 500
  Pan2D: 0
  rolloffMode: 0
  BypassEffects: 0
  BypassListenerEffects: 0
  BypassReverbZones: 0
  rolloffCustomCurve:
    serializedVersion: 2
    m_Curve:
    - serializedVersion: 3
      time: 0
      value: 1
      inSlope: 0
      outSlope: 0
      tangentMode: 0
      weightedMode: 0
      inWeight: 0.33333334
      outWeight: 0.33333334
    - serializedVersion: 3
      time: 1
      value: 0
      inSlope: 0
      outSlope: 0
      tangentMode: 0
      weightedMode: 0
      inWeight: 0.33333334
      outWeight: 0.33333334
    m_PreInfinity: 2
    m_PostInfinity: 2
    m_RotationOrder: 4
  panLevelCustomCurve:
    serializedVersion: 2
    m_Curve:
    - serializedVersion: 3
      time: 0
      value: 0
      inSlope: 0
      outSlope: 0
      tangentMode: 0
      weightedMode: 0
      inWeight: 0.33333334
      outWeight: 0.33333334
    m_PreInfinity: 2
    m_PostInfinity: 2
    m_RotationOrder: 4
  spreadCustomCurve:
    serializedVersion: 2
    m_Curve:
    - serializedVersion: 3
      time: 0
      value: 0
      inSlope: 0
      outSlope: 0
      tangentMode: 0
      weightedMode: 0
      inWeight: 0.33333334
      outWeight: 0.33333334
    m_PreInfinity: 2
    m_PostInfinity: 2
    m_RotationOrder: 4
  reverbZoneMixCustomCurve:
    serializedVersion: 2
    m_Curve:
    - serializedVersion: 3
      time: 0
      value: 1
      inSlope: 0
      outSlope: 0
      tangentMode: 0
      weightedMode: 0
      inWeight: 0.33333334
      outWeight: 0.33333334
    m_PreInfinity: 2
    m_PostInfinity: 2
    m_RotationOrder: 4
--- !u!135 &82621137774879306
SphereCollider:
  m_ObjectHideFlags: 0
  m_CorrespondingSourceObject: {fileID: 0}
  m_PrefabInstance: {fileID: 0}
  m_PrefabAsset: {fileID: 0}
  m_GameObject: {fileID: 1323140011839601927}
  m_Material: {fileID: 0}
  m_IsTrigger: 1
  m_Enabled: 1
  serializedVersion: 2
  m_Radius: 7
  m_Center: {x: 0, y: 0, z: 0}
--- !u!1 &1327136484022187622
GameObject:
  m_ObjectHideFlags: 0
  m_CorrespondingSourceObject: {fileID: 0}
  m_PrefabInstance: {fileID: 0}
  m_PrefabAsset: {fileID: 0}
  serializedVersion: 6
  m_Component:
  - component: {fileID: 1945598857372462803}
  m_Layer: 0
  m_Name: PatellaTibiaMid.R
  m_TagString: Untagged
  m_Icon: {fileID: 0}
  m_NavMeshLayer: 0
  m_StaticEditorFlags: 0
  m_IsActive: 1
--- !u!4 &1945598857372462803
Transform:
  m_ObjectHideFlags: 0
  m_CorrespondingSourceObject: {fileID: 0}
  m_PrefabInstance: {fileID: 0}
  m_PrefabAsset: {fileID: 0}
  m_GameObject: {fileID: 1327136484022187622}
  m_LocalRotation: {x: -0.0017178635, y: -0.0000011355963, z: -0.30454832, w: 0.95249534}
  m_LocalPosition: {x: -3.4991898e-10, y: 0.011551168, z: -1.3969838e-11}
  m_LocalScale: {x: 1, y: 1, z: 1.0000001}
  m_Children:
  - {fileID: 6071460475575021130}
  m_Father: {fileID: 6022340686110042098}
  m_RootOrder: 0
  m_LocalEulerAnglesHint: {x: -44.415146, y: 27.069529, z: -95.618195}
--- !u!1 &1426329720384821628
GameObject:
  m_ObjectHideFlags: 0
  m_CorrespondingSourceObject: {fileID: 0}
  m_PrefabInstance: {fileID: 0}
  m_PrefabAsset: {fileID: 0}
  serializedVersion: 6
  m_Component:
  - component: {fileID: 5344176283895560775}
  m_Layer: 0
  m_Name: CoxaMidFront.L
  m_TagString: Untagged
  m_Icon: {fileID: 0}
  m_NavMeshLayer: 0
  m_StaticEditorFlags: 0
  m_IsActive: 1
--- !u!4 &5344176283895560775
Transform:
  m_ObjectHideFlags: 0
  m_CorrespondingSourceObject: {fileID: 0}
  m_PrefabInstance: {fileID: 0}
  m_PrefabAsset: {fileID: 0}
  m_GameObject: {fileID: 1426329720384821628}
  m_LocalRotation: {x: -0.42230806, y: 0.8354616, z: 0.037469454, w: 0.34965098}
  m_LocalPosition: {x: -0.0028965552, y: 0.009147441, z: 0.0011696224}
  m_LocalScale: {x: 1, y: 0.9999997, z: 0.99999994}
  m_Children:
  - {fileID: 8507585590609455491}
  m_Father: {fileID: 4797316361473048382}
  m_RootOrder: 5
  m_LocalEulerAnglesHint: {x: -9.781291, y: 143.09966, z: -36.70787}
--- !u!1 &1450271799447518362
GameObject:
  m_ObjectHideFlags: 0
  m_CorrespondingSourceObject: {fileID: 0}
  m_PrefabInstance: {fileID: 0}
  m_PrefabAsset: {fileID: 0}
  serializedVersion: 6
  m_Component:
  - component: {fileID: 2637458721859229989}
  m_Layer: 0
  m_Name: TarsusMid.L
  m_TagString: Untagged
  m_Icon: {fileID: 0}
  m_NavMeshLayer: 0
  m_StaticEditorFlags: 0
  m_IsActive: 1
--- !u!4 &2637458721859229989
Transform:
  m_ObjectHideFlags: 0
  m_CorrespondingSourceObject: {fileID: 0}
  m_PrefabInstance: {fileID: 0}
  m_PrefabAsset: {fileID: 0}
  m_GameObject: {fileID: 1450271799447518362}
  m_LocalRotation: {x: -0.00000007709766, y: -0.00000019478877, z: -0.018274454, w: 0.99983305}
  m_LocalPosition: {x: 0.0000000023336744, y: 0.0055934093, z: -2.5229383e-11}
  m_LocalScale: {x: 0.99999994, y: 1, z: 0.9999999}
  m_Children:
  - {fileID: 6349548590787358019}
  m_Father: {fileID: 2656880608791674031}
  m_RootOrder: 0
  m_LocalEulerAnglesHint: {x: -9.266375, y: 27.834608, z: 19.417545}
--- !u!1 &1493665061270158891
GameObject:
  m_ObjectHideFlags: 0
  m_CorrespondingSourceObject: {fileID: 0}
  m_PrefabInstance: {fileID: 0}
  m_PrefabAsset: {fileID: 0}
  serializedVersion: 6
  m_Component:
  - component: {fileID: 3396648293517671711}
  m_Layer: 0
  m_Name: TarsusRear.L
  m_TagString: Untagged
  m_Icon: {fileID: 0}
  m_NavMeshLayer: 0
  m_StaticEditorFlags: 0
  m_IsActive: 1
--- !u!4 &3396648293517671711
Transform:
  m_ObjectHideFlags: 0
  m_CorrespondingSourceObject: {fileID: 0}
  m_PrefabInstance: {fileID: 0}
  m_PrefabAsset: {fileID: 0}
  m_GameObject: {fileID: 1493665061270158891}
  m_LocalRotation: {x: -0.005442645, y: 0.0042065526, z: -0.0016749881, w: 0.99997497}
  m_LocalPosition: {x: 2.0540028e-10, y: 0.0056834915, z: -3.7252902e-11}
  m_LocalScale: {x: 1.0000001, y: 1.0000001, z: 0.9999999}
  m_Children:
  - {fileID: 2032121982177635536}
  m_Father: {fileID: 944126510261109648}
  m_RootOrder: 0
  m_LocalEulerAnglesHint: {x: 18.575695, y: -5.148149, z: 1.0948458}
--- !u!1 &1499680541807920697
GameObject:
  m_ObjectHideFlags: 0
  m_CorrespondingSourceObject: {fileID: 0}
  m_PrefabInstance: {fileID: 0}
  m_PrefabAsset: {fileID: 0}
  serializedVersion: 6
  m_Component:
  - component: {fileID: 8507585590609455491}
  m_Layer: 0
  m_Name: FemurMidFront.L
  m_TagString: Untagged
  m_Icon: {fileID: 0}
  m_NavMeshLayer: 0
  m_StaticEditorFlags: 0
  m_IsActive: 1
--- !u!4 &8507585590609455491
Transform:
  m_ObjectHideFlags: 0
  m_CorrespondingSourceObject: {fileID: 0}
  m_PrefabInstance: {fileID: 0}
  m_PrefabAsset: {fileID: 0}
  m_GameObject: {fileID: 1499680541807920697}
  m_LocalRotation: {x: -0.1007564, y: 0.3309369, z: 0.08844129, w: 0.93408084}
  m_LocalPosition: {x: -2.9802322e-10, y: 0.0043810457, z: -3.72529e-10}
  m_LocalScale: {x: 0.99999994, y: 0.9999999, z: 1.0000001}
  m_Children:
  - {fileID: 1924636361694687385}
  m_Father: {fileID: 5344176283895560775}
  m_RootOrder: 0
  m_LocalEulerAnglesHint: {x: 46.22864, y: 67.11092, z: 13.371172}
--- !u!1 &1543688137270981782
GameObject:
  m_ObjectHideFlags: 0
  m_CorrespondingSourceObject: {fileID: 0}
  m_PrefabInstance: {fileID: 0}
  m_PrefabAsset: {fileID: 0}
  serializedVersion: 6
  m_Component:
  - component: {fileID: 6071460475575021130}
  m_Layer: 0
  m_Name: MetatarsusMid.R
  m_TagString: Untagged
  m_Icon: {fileID: 0}
  m_NavMeshLayer: 0
  m_StaticEditorFlags: 0
  m_IsActive: 1
--- !u!4 &6071460475575021130
Transform:
  m_ObjectHideFlags: 0
  m_CorrespondingSourceObject: {fileID: 0}
  m_PrefabInstance: {fileID: 0}
  m_PrefabAsset: {fileID: 0}
  m_GameObject: {fileID: 1543688137270981782}
  m_LocalRotation: {x: 0.0012287784, y: 0.000053062642, z: -0.04340433, w: 0.9990569}
  m_LocalPosition: {x: -5.055711e-10, y: 0.018453585, z: -5.3551046e-11}
  m_LocalScale: {x: 1, y: 1, z: 1.0000001}
  m_Children:
  - {fileID: 5595168655981503689}
  m_Father: {fileID: 1945598857372462803}
  m_RootOrder: 0
  m_LocalEulerAnglesHint: {x: 10.380381, y: 84.42048, z: -20.094162}
--- !u!1 &1717147069321018480
GameObject:
  m_ObjectHideFlags: 0
  m_CorrespondingSourceObject: {fileID: 0}
  m_PrefabInstance: {fileID: 0}
  m_PrefabAsset: {fileID: 0}
  serializedVersion: 6
  m_Component:
  - component: {fileID: 126756061372415849}
  m_Layer: 0
  m_Name: TarsusRear.R
  m_TagString: Untagged
  m_Icon: {fileID: 0}
  m_NavMeshLayer: 0
  m_StaticEditorFlags: 0
  m_IsActive: 1
--- !u!4 &126756061372415849
Transform:
  m_ObjectHideFlags: 0
  m_CorrespondingSourceObject: {fileID: 0}
  m_PrefabInstance: {fileID: 0}
  m_PrefabAsset: {fileID: 0}
  m_GameObject: {fileID: 1717147069321018480}
  m_LocalRotation: {x: -0.0054426403, y: -0.004206552, z: 0.0016750211, w: 0.99997497}
  m_LocalPosition: {x: -2.0543665e-10, y: 0.0056834957, z: -6.984919e-12}
  m_LocalScale: {x: 1, y: 1, z: 0.9999999}
  m_Children:
  - {fileID: 8967596462607185174}
  m_Father: {fileID: 3372675672306843810}
  m_RootOrder: 0
  m_LocalEulerAnglesHint: {x: 8.954021, y: 0.67114127, z: -11.329134}
--- !u!1 &1728897425641937022
GameObject:
  m_ObjectHideFlags: 0
  m_CorrespondingSourceObject: {fileID: 0}
  m_PrefabInstance: {fileID: 0}
  m_PrefabAsset: {fileID: 0}
  serializedVersion: 6
  m_Component:
  - component: {fileID: 8967596462607185174}
  m_Layer: 0
  m_Name: TarsusRear.R_end
  m_TagString: Untagged
  m_Icon: {fileID: 0}
  m_NavMeshLayer: 0
  m_StaticEditorFlags: 0
  m_IsActive: 1
--- !u!4 &8967596462607185174
Transform:
  m_ObjectHideFlags: 0
  m_CorrespondingSourceObject: {fileID: 0}
  m_PrefabInstance: {fileID: 0}
  m_PrefabAsset: {fileID: 0}
  m_GameObject: {fileID: 1728897425641937022}
  m_LocalRotation: {x: 0, y: -0, z: -0, w: 1}
  m_LocalPosition: {x: -0, y: 0.0049239974, z: 0}
  m_LocalScale: {x: 1, y: 1, z: 1}
  m_Children: []
  m_Father: {fileID: 126756061372415849}
  m_RootOrder: 0
  m_LocalEulerAnglesHint: {x: 0, y: 0, z: 0}
--- !u!1 &1891043699210121994
GameObject:
  m_ObjectHideFlags: 0
  m_CorrespondingSourceObject: {fileID: 0}
  m_PrefabInstance: {fileID: 0}
  m_PrefabAsset: {fileID: 0}
  serializedVersion: 6
  m_Component:
  - component: {fileID: 7194032980525544693}
  m_Layer: 0
  m_Name: PatellaTibiaFront.L
  m_TagString: Untagged
  m_Icon: {fileID: 0}
  m_NavMeshLayer: 0
  m_StaticEditorFlags: 0
  m_IsActive: 1
--- !u!4 &7194032980525544693
Transform:
  m_ObjectHideFlags: 0
  m_CorrespondingSourceObject: {fileID: 0}
  m_PrefabInstance: {fileID: 0}
  m_PrefabAsset: {fileID: 0}
  m_GameObject: {fileID: 1891043699210121994}
  m_LocalRotation: {x: -0.00048583755, y: 0.00023398035, z: 0.044171367, w: 0.99902385}
  m_LocalPosition: {x: -1.3291356e-10, y: 0.0036476853, z: 1.10594554e-11}
  m_LocalScale: {x: 0.9999999, y: 0.9999998, z: 0.99999994}
  m_Children:
  - {fileID: 4456242646064858811}
  m_Father: {fileID: 8573719456864635792}
  m_RootOrder: 0
  m_LocalEulerAnglesHint: {x: -7.8979774, y: -0.7338584, z: -11.57156}
--- !u!1 &2000204891820180031
GameObject:
  m_ObjectHideFlags: 0
  m_CorrespondingSourceObject: {fileID: 0}
  m_PrefabInstance: {fileID: 0}
  m_PrefabAsset: {fileID: 0}
  serializedVersion: 6
  m_Component:
  - component: {fileID: 1599300819823268730}
  m_Layer: 0
  m_Name: FemurMidRear.L
  m_TagString: Untagged
  m_Icon: {fileID: 0}
  m_NavMeshLayer: 0
  m_StaticEditorFlags: 0
  m_IsActive: 1
--- !u!4 &1599300819823268730
Transform:
  m_ObjectHideFlags: 0
  m_CorrespondingSourceObject: {fileID: 0}
  m_PrefabInstance: {fileID: 0}
  m_PrefabAsset: {fileID: 0}
  m_GameObject: {fileID: 2000204891820180031}
  m_LocalRotation: {x: -0.10228052, y: 0.10566615, z: -0.06339427, w: 0.987094}
  m_LocalPosition: {x: -2.7939676e-10, y: 0.003975809, z: 1.3038516e-10}
  m_LocalScale: {x: 0.99999994, y: 0.9999998, z: 1}
  m_Children:
  - {fileID: 8487154237990908859}
  m_Father: {fileID: 97585688925400177}
  m_RootOrder: 0
  m_LocalEulerAnglesHint: {x: -13.719725, y: 58.57465, z: -30.056276}
--- !u!1 &2020486894403914905
GameObject:
  m_ObjectHideFlags: 0
  m_CorrespondingSourceObject: {fileID: 0}
  m_PrefabInstance: {fileID: 0}
  m_PrefabAsset: {fileID: 0}
  serializedVersion: 6
  m_Component:
  - component: {fileID: 1022852500212256825}
  m_Layer: 0
  m_Name: TarsusMidFront.R
  m_TagString: Untagged
  m_Icon: {fileID: 0}
  m_NavMeshLayer: 0
  m_StaticEditorFlags: 0
  m_IsActive: 1
--- !u!4 &1022852500212256825
Transform:
  m_ObjectHideFlags: 0
  m_CorrespondingSourceObject: {fileID: 0}
  m_PrefabInstance: {fileID: 0}
  m_PrefabAsset: {fileID: 0}
  m_GameObject: {fileID: 2020486894403914905}
  m_LocalRotation: {x: -0.000000010561292, y: 0.00000012891951, z: 0.013821061, w: 0.9999045}
  m_LocalPosition: {x: -8.945566e-10, y: 0.005645021, z: 1.1883543e-11}
  m_LocalScale: {x: 0.9999999, y: 0.99999994, z: 0.99999994}
  m_Children:
  - {fileID: 6996768605258718766}
  m_Father: {fileID: 2545751603719308303}
  m_RootOrder: 0
  m_LocalEulerAnglesHint: {x: -12.945115, y: 2.8528707, z: -4.8544593}
--- !u!1 &2091616951370282938
GameObject:
  m_ObjectHideFlags: 0
  m_CorrespondingSourceObject: {fileID: 0}
  m_PrefabInstance: {fileID: 0}
  m_PrefabAsset: {fileID: 0}
  serializedVersion: 6
  m_Component:
  - component: {fileID: 8752114258717048847}
  m_Layer: 0
  m_Name: PatellaTibiaMid.L
  m_TagString: Untagged
  m_Icon: {fileID: 0}
  m_NavMeshLayer: 0
  m_StaticEditorFlags: 0
  m_IsActive: 1
--- !u!4 &8752114258717048847
Transform:
  m_ObjectHideFlags: 0
  m_CorrespondingSourceObject: {fileID: 0}
  m_PrefabInstance: {fileID: 0}
  m_PrefabAsset: {fileID: 0}
  m_GameObject: {fileID: 2091616951370282938}
  m_LocalRotation: {x: -0.0017178627, y: 0.0000012845125, z: 0.30454835, w: 0.95249534}
  m_LocalPosition: {x: 7.8969603e-10, y: 0.011551175, z: 2.3428584e-11}
  m_LocalScale: {x: 1, y: 1.0000001, z: 1.0000001}
  m_Children:
  - {fileID: 2656880608791674031}
  m_Father: {fileID: 1968544822573863319}
  m_RootOrder: 0
  m_LocalEulerAnglesHint: {x: -57.26171, y: -53.192513, z: 82.93282}
--- !u!1 &2464543175971611073
GameObject:
  m_ObjectHideFlags: 0
  m_CorrespondingSourceObject: {fileID: 0}
  m_PrefabInstance: {fileID: 0}
  m_PrefabAsset: {fileID: 0}
  serializedVersion: 6
  m_Component:
  - component: {fileID: 4258520868701416681}
  m_Layer: 0
  m_Name: FemurMidFront.R
  m_TagString: Untagged
  m_Icon: {fileID: 0}
  m_NavMeshLayer: 0
  m_StaticEditorFlags: 0
  m_IsActive: 1
--- !u!4 &4258520868701416681
Transform:
  m_ObjectHideFlags: 0
  m_CorrespondingSourceObject: {fileID: 0}
  m_PrefabInstance: {fileID: 0}
  m_PrefabAsset: {fileID: 0}
  m_GameObject: {fileID: 2464543175971611073}
  m_LocalRotation: {x: -0.10075642, y: -0.33093673, z: -0.08844134, w: 0.9340809}
  m_LocalPosition: {x: 2.6077032e-10, y: 0.0043810476, z: 5.9604643e-10}
  m_LocalScale: {x: 0.99999994, y: 0.9999999, z: 1}
  m_Children:
  - {fileID: 1259597660926896957}
  m_Father: {fileID: 8325534404898824591}
  m_RootOrder: 0
  m_LocalEulerAnglesHint: {x: 50.79413, y: -73.12276, z: -25.003563}
--- !u!1 &2606242524852951543
GameObject:
  m_ObjectHideFlags: 0
  m_CorrespondingSourceObject: {fileID: 0}
  m_PrefabInstance: {fileID: 0}
  m_PrefabAsset: {fileID: 0}
  serializedVersion: 6
  m_Component:
  - component: {fileID: 97585688925400177}
  m_Layer: 0
  m_Name: CoxaMidRear.L
  m_TagString: Untagged
  m_Icon: {fileID: 0}
  m_NavMeshLayer: 0
  m_StaticEditorFlags: 0
  m_IsActive: 1
--- !u!4 &97585688925400177
Transform:
  m_ObjectHideFlags: 0
  m_CorrespondingSourceObject: {fileID: 0}
  m_PrefabInstance: {fileID: 0}
  m_PrefabAsset: {fileID: 0}
  m_GameObject: {fileID: 2606242524852951543}
  m_LocalRotation: {x: 0.83300066, y: -0.52986926, z: -0.046673544, w: -0.15221727}
  m_LocalPosition: {x: -0.0031981943, y: 0.0048626033, z: 0.00069199165}
  m_LocalScale: {x: 1.0000001, y: 1, z: 1}
  m_Children:
  - {fileID: 1599300819823268730}
  m_Father: {fileID: 4797316361473048382}
  m_RootOrder: 7
  m_LocalEulerAnglesHint: {x: -17.851957, y: 175.80067, z: -117.54528}
--- !u!1 &2673722677938873182
GameObject:
  m_ObjectHideFlags: 0
  m_CorrespondingSourceObject: {fileID: 0}
  m_PrefabInstance: {fileID: 0}
  m_PrefabAsset: {fileID: 0}
  serializedVersion: 6
  m_Component:
  - component: {fileID: 7970458272914587709}
  - component: {fileID: 8434175176919992463}
  - component: {fileID: 5229573608982895101}
  - component: {fileID: 1591203477}
  m_Layer: 0
  m_Name: AlertCollider
  m_TagString: Untagged
  m_Icon: {fileID: 0}
  m_NavMeshLayer: 0
  m_StaticEditorFlags: 0
  m_IsActive: 1
--- !u!4 &7970458272914587709
Transform:
  m_ObjectHideFlags: 0
  m_CorrespondingSourceObject: {fileID: 0}
  m_PrefabInstance: {fileID: 0}
  m_PrefabAsset: {fileID: 0}
  m_GameObject: {fileID: 2673722677938873182}
  m_LocalRotation: {x: 0, y: 0, z: 0, w: 1}
  m_LocalPosition: {x: 0, y: 0, z: 0}
  m_LocalScale: {x: 1, y: 1, z: 1}
  m_Children: []
  m_Father: {fileID: 2596295551890280212}
  m_RootOrder: 3
  m_LocalEulerAnglesHint: {x: 0, y: 0, z: 0}
--- !u!135 &8434175176919992463
SphereCollider:
  m_ObjectHideFlags: 0
  m_CorrespondingSourceObject: {fileID: 0}
  m_PrefabInstance: {fileID: 0}
  m_PrefabAsset: {fileID: 0}
  m_GameObject: {fileID: 2673722677938873182}
  m_Material: {fileID: 0}
  m_IsTrigger: 1
  m_Enabled: 1
  serializedVersion: 2
  m_Radius: 25
  m_Center: {x: 0, y: 0, z: 0}
--- !u!114 &5229573608982895101
MonoBehaviour:
  m_ObjectHideFlags: 0
  m_CorrespondingSourceObject: {fileID: 0}
  m_PrefabInstance: {fileID: 0}
  m_PrefabAsset: {fileID: 0}
  m_GameObject: {fileID: 2673722677938873182}
  m_Enabled: 1
  m_EditorHideFlags: 0
  m_Script: {fileID: 11500000, guid: 91a58b49d79169946b3560b7d3ad500b, type: 3}
  m_Name: 
  m_EditorClassIdentifier: 
  guard: {fileID: 6283944716800671143}
  detectionDegree: 2
--- !u!114 &1591203477
MonoBehaviour:
  m_ObjectHideFlags: 0
  m_CorrespondingSourceObject: {fileID: 0}
  m_PrefabInstance: {fileID: 0}
  m_PrefabAsset: {fileID: 0}
  m_GameObject: {fileID: 2673722677938873182}
  m_Enabled: 1
  m_EditorHideFlags: 0
  m_Script: {fileID: 11500000, guid: 1e3fdca004f2d45fe8abbed571a8abd5, type: 3}
  m_Name: 
  m_EditorClassIdentifier: 
  m_OverrideArea: 0
  m_Area: 0
  m_IgnoreFromBuild: 1
  m_AffectedAgents: ffffffff
--- !u!1 &2919730836711456022
GameObject:
  m_ObjectHideFlags: 0
  m_CorrespondingSourceObject: {fileID: 0}
  m_PrefabInstance: {fileID: 0}
  m_PrefabAsset: {fileID: 0}
  serializedVersion: 6
  m_Component:
  - component: {fileID: 2973659786444138668}
  m_Layer: 0
  m_Name: CoxaMidRear.R
  m_TagString: Untagged
  m_Icon: {fileID: 0}
  m_NavMeshLayer: 0
  m_StaticEditorFlags: 0
  m_IsActive: 1
--- !u!4 &2973659786444138668
Transform:
  m_ObjectHideFlags: 0
  m_CorrespondingSourceObject: {fileID: 0}
  m_PrefabInstance: {fileID: 0}
  m_PrefabAsset: {fileID: 0}
  m_GameObject: {fileID: 2919730836711456022}
  m_LocalRotation: {x: 0.8330011, y: 0.5298679, z: 0.046665832, w: -0.15222234}
  m_LocalPosition: {x: 0.0031982064, y: 0.004862603, z: 0.00069193204}
  m_LocalScale: {x: 1, y: 1.0000002, z: 1}
  m_Children:
  - {fileID: 106610880671597616}
  m_Father: {fileID: 4797316361473048382}
  m_RootOrder: 8
  m_LocalEulerAnglesHint: {x: -17.61372, y: -174.80696, z: 113.72327}
--- !u!1 &3475165784975666495
GameObject:
  m_ObjectHideFlags: 0
  m_CorrespondingSourceObject: {fileID: 0}
  m_PrefabInstance: {fileID: 0}
  m_PrefabAsset: {fileID: 0}
  serializedVersion: 6
  m_Component:
  - component: {fileID: 743528014568335297}
  m_Layer: 0
  m_Name: PatellaTibiaFront.R
  m_TagString: Untagged
  m_Icon: {fileID: 0}
  m_NavMeshLayer: 0
  m_StaticEditorFlags: 0
  m_IsActive: 1
--- !u!4 &743528014568335297
Transform:
  m_ObjectHideFlags: 0
  m_CorrespondingSourceObject: {fileID: 0}
  m_PrefabInstance: {fileID: 0}
  m_PrefabAsset: {fileID: 0}
  m_GameObject: {fileID: 3475165784975666495}
  m_LocalRotation: {x: -0.00048580623, y: -0.00023395626, z: -0.044171385, w: 0.99902385}
  m_LocalPosition: {x: 4.4517945e-10, y: 0.0036476857, z: 5.7043505e-11}
  m_LocalScale: {x: 0.9999999, y: 0.9999998, z: 0.99999994}
  m_Children:
  - {fileID: 8172907658498429628}
  m_Father: {fileID: 439403405149335855}
  m_RootOrder: 0
  m_LocalEulerAnglesHint: {x: -18.74303, y: 2.6018608, z: 15.129802}
--- !u!1 &3549696138859612774
GameObject:
  m_ObjectHideFlags: 0
  m_CorrespondingSourceObject: {fileID: 0}
  m_PrefabInstance: {fileID: 0}
  m_PrefabAsset: {fileID: 0}
  serializedVersion: 6
  m_Component:
  - component: {fileID: 944126510261109648}
  m_Layer: 0
  m_Name: MetatarsusRear.L
  m_TagString: Untagged
  m_Icon: {fileID: 0}
  m_NavMeshLayer: 0
  m_StaticEditorFlags: 0
  m_IsActive: 1
--- !u!4 &944126510261109648
Transform:
  m_ObjectHideFlags: 0
  m_CorrespondingSourceObject: {fileID: 0}
  m_PrefabInstance: {fileID: 0}
  m_PrefabAsset: {fileID: 0}
  m_GameObject: {fileID: 3549696138859612774}
  m_LocalRotation: {x: 0.0037478376, y: -0.0007838586, z: -0.046428613, w: 0.9989143}
  m_LocalPosition: {x: 1.9885461e-11, y: 0.018399961, z: -6.114078e-11}
  m_LocalScale: {x: 1, y: 1, z: 1}
  m_Children:
  - {fileID: 3396648293517671711}
  m_Father: {fileID: 8230502439155098156}
  m_RootOrder: 0
  m_LocalEulerAnglesHint: {x: -0.61728257, y: 8.239036, z: 1.1828849}
--- !u!1 &3594764383088883578
GameObject:
  m_ObjectHideFlags: 0
  m_CorrespondingSourceObject: {fileID: 0}
  m_PrefabInstance: {fileID: 0}
  m_PrefabAsset: {fileID: 0}
  serializedVersion: 6
  m_Component:
  - component: {fileID: 2150207913608264557}
  m_Layer: 0
  m_Name: TarsusFront.L_end
  m_TagString: Untagged
  m_Icon: {fileID: 0}
  m_NavMeshLayer: 0
  m_StaticEditorFlags: 0
  m_IsActive: 1
--- !u!4 &2150207913608264557
Transform:
  m_ObjectHideFlags: 0
  m_CorrespondingSourceObject: {fileID: 0}
  m_PrefabInstance: {fileID: 0}
  m_PrefabAsset: {fileID: 0}
  m_GameObject: {fileID: 3594764383088883578}
  m_LocalRotation: {x: 0, y: -0, z: -0, w: 1}
  m_LocalPosition: {x: -0, y: 0.0050760144, z: 0}
  m_LocalScale: {x: 1, y: 1, z: 1}
  m_Children: []
  m_Father: {fileID: 4889289333479742158}
  m_RootOrder: 0
  m_LocalEulerAnglesHint: {x: 0, y: 0, z: 0}
--- !u!1 &3838385744629605709
GameObject:
  m_ObjectHideFlags: 0
  m_CorrespondingSourceObject: {fileID: 0}
  m_PrefabInstance: {fileID: 0}
  m_PrefabAsset: {fileID: 0}
  serializedVersion: 6
  m_Component:
  - component: {fileID: 347378876403593473}
  - component: {fileID: 8192486998840840772}
  - component: {fileID: 6448133356173826846}
  - component: {fileID: 727320752}
  m_Layer: 0
  m_Name: SuspicionSphere
  m_TagString: Untagged
  m_Icon: {fileID: 0}
  m_NavMeshLayer: 0
  m_StaticEditorFlags: 0
  m_IsActive: 1
--- !u!4 &347378876403593473
Transform:
  m_ObjectHideFlags: 0
  m_CorrespondingSourceObject: {fileID: 0}
  m_PrefabInstance: {fileID: 0}
  m_PrefabAsset: {fileID: 0}
  m_GameObject: {fileID: 3838385744629605709}
  m_LocalRotation: {x: -0, y: -0, z: -0, w: 1}
  m_LocalPosition: {x: 0, y: -0.6, z: 0}
  m_LocalScale: {x: 1, y: 1, z: 1}
  m_Children: []
  m_Father: {fileID: 2596295551890280212}
  m_RootOrder: 2
  m_LocalEulerAnglesHint: {x: 0, y: 0, z: 0}
--- !u!135 &8192486998840840772
SphereCollider:
  m_ObjectHideFlags: 0
  m_CorrespondingSourceObject: {fileID: 0}
  m_PrefabInstance: {fileID: 0}
  m_PrefabAsset: {fileID: 0}
  m_GameObject: {fileID: 3838385744629605709}
  m_Material: {fileID: 0}
  m_IsTrigger: 1
  m_Enabled: 1
  serializedVersion: 2
  m_Radius: 45
  m_Center: {x: 0, y: 0, z: 0}
--- !u!114 &6448133356173826846
MonoBehaviour:
  m_ObjectHideFlags: 0
  m_CorrespondingSourceObject: {fileID: 0}
  m_PrefabInstance: {fileID: 0}
  m_PrefabAsset: {fileID: 0}
  m_GameObject: {fileID: 3838385744629605709}
  m_Enabled: 1
  m_EditorHideFlags: 0
  m_Script: {fileID: 11500000, guid: 91a58b49d79169946b3560b7d3ad500b, type: 3}
  m_Name: 
  m_EditorClassIdentifier: 
  guard: {fileID: 6283944716800671143}
  detectionDegree: 1
--- !u!114 &727320752
MonoBehaviour:
  m_ObjectHideFlags: 0
  m_CorrespondingSourceObject: {fileID: 0}
  m_PrefabInstance: {fileID: 0}
  m_PrefabAsset: {fileID: 0}
  m_GameObject: {fileID: 3838385744629605709}
  m_Enabled: 1
  m_EditorHideFlags: 0
  m_Script: {fileID: 11500000, guid: 1e3fdca004f2d45fe8abbed571a8abd5, type: 3}
  m_Name: 
  m_EditorClassIdentifier: 
  m_OverrideArea: 0
  m_Area: 0
  m_IgnoreFromBuild: 1
  m_AffectedAgents: ffffffff
--- !u!1 &3978487368695139861
GameObject:
  m_ObjectHideFlags: 0
  m_CorrespondingSourceObject: {fileID: 0}
  m_PrefabInstance: {fileID: 0}
  m_PrefabAsset: {fileID: 0}
  serializedVersion: 6
  m_Component:
  - component: {fileID: 7744675154633129644}
  m_Layer: 0
  m_Name: Abdomen_end
  m_TagString: Untagged
  m_Icon: {fileID: 0}
  m_NavMeshLayer: 0
  m_StaticEditorFlags: 0
  m_IsActive: 1
--- !u!4 &7744675154633129644
Transform:
  m_ObjectHideFlags: 0
  m_CorrespondingSourceObject: {fileID: 0}
  m_PrefabInstance: {fileID: 0}
  m_PrefabAsset: {fileID: 0}
  m_GameObject: {fileID: 3978487368695139861}
  m_LocalRotation: {x: 0, y: -0, z: -0, w: 1}
  m_LocalPosition: {x: -0, y: 0.022877311, z: 0}
  m_LocalScale: {x: 1, y: 1, z: 1}
  m_Children: []
  m_Father: {fileID: 7926285081736743937}
  m_RootOrder: 0
  m_LocalEulerAnglesHint: {x: 0, y: 0, z: 0}
--- !u!1 &3986845716473313228
GameObject:
  m_ObjectHideFlags: 0
  m_CorrespondingSourceObject: {fileID: 0}
  m_PrefabInstance: {fileID: 0}
  m_PrefabAsset: {fileID: 0}
  serializedVersion: 6
  m_Component:
  - component: {fileID: 507604676806113840}
  m_Layer: 0
  m_Name: TarsusMid.R_end
  m_TagString: Untagged
  m_Icon: {fileID: 0}
  m_NavMeshLayer: 0
  m_StaticEditorFlags: 0
  m_IsActive: 1
--- !u!4 &507604676806113840
Transform:
  m_ObjectHideFlags: 0
  m_CorrespondingSourceObject: {fileID: 0}
  m_PrefabInstance: {fileID: 0}
  m_PrefabAsset: {fileID: 0}
  m_GameObject: {fileID: 3986845716473313228}
  m_LocalRotation: {x: 0, y: -0, z: -0, w: 1}
  m_LocalPosition: {x: -0, y: 0.0052551264, z: 0}
  m_LocalScale: {x: 1, y: 1, z: 1}
  m_Children: []
  m_Father: {fileID: 5595168655981503689}
  m_RootOrder: 0
  m_LocalEulerAnglesHint: {x: 0, y: 0, z: 0}
--- !u!1 &4165314679081221372
GameObject:
  m_ObjectHideFlags: 0
  m_CorrespondingSourceObject: {fileID: 0}
  m_PrefabInstance: {fileID: 0}
  m_PrefabAsset: {fileID: 0}
  serializedVersion: 6
  m_Component:
  - component: {fileID: 2066553890578435815}
  m_Layer: 0
  m_Name: CoxaRear.L
  m_TagString: Untagged
  m_Icon: {fileID: 0}
  m_NavMeshLayer: 0
  m_StaticEditorFlags: 0
  m_IsActive: 1
--- !u!4 &2066553890578435815
Transform:
  m_ObjectHideFlags: 0
  m_CorrespondingSourceObject: {fileID: 0}
  m_PrefabInstance: {fileID: 0}
  m_PrefabAsset: {fileID: 0}
  m_GameObject: {fileID: 4165314679081221372}
  m_LocalRotation: {x: 0.93273973, y: -0.34130725, z: -0.013868641, w: -0.115384735}
  m_LocalPosition: {x: -0.0018992828, y: 0.0023640979, z: 0.0007766504}
  m_LocalScale: {x: 1.0000001, y: 1.0000001, z: 1}
  m_Children:
  - {fileID: 4830751792058749734}
  m_Father: {fileID: 4797316361473048382}
  m_RootOrder: 9
  m_LocalEulerAnglesHint: {x: -12.986067, y: 176.88847, z: -139.44872}
--- !u!1 &4218812377798651058
GameObject:
  m_ObjectHideFlags: 0
  m_CorrespondingSourceObject: {fileID: 0}
  m_PrefabInstance: {fileID: 0}
  m_PrefabAsset: {fileID: 0}
  serializedVersion: 6
  m_Component:
  - component: {fileID: 5595168655981503689}
  m_Layer: 0
  m_Name: TarsusMid.R
  m_TagString: Untagged
  m_Icon: {fileID: 0}
  m_NavMeshLayer: 0
  m_StaticEditorFlags: 0
  m_IsActive: 1
--- !u!4 &5595168655981503689
Transform:
  m_ObjectHideFlags: 0
  m_CorrespondingSourceObject: {fileID: 0}
  m_PrefabInstance: {fileID: 0}
  m_PrefabAsset: {fileID: 0}
  m_GameObject: {fileID: 4218812377798651058}
  m_LocalRotation: {x: -0.000000079965005, y: 0.00000019339932, z: 0.018274404, w: 0.99983305}
  m_LocalPosition: {x: -0.0000000011415608, y: 0.005593407, z: 1.5916157e-11}
  m_LocalScale: {x: 0.99999994, y: 1, z: 1}
  m_Children:
  - {fileID: 507604676806113840}
  m_Father: {fileID: 6071460475575021130}
  m_RootOrder: 0
  m_LocalEulerAnglesHint: {x: 18.415379, y: -40.70903, z: -7.159443}
--- !u!1 &4258319033571530248
GameObject:
  m_ObjectHideFlags: 0
  m_CorrespondingSourceObject: {fileID: 0}
  m_PrefabInstance: {fileID: 0}
  m_PrefabAsset: {fileID: 0}
  serializedVersion: 6
  m_Component:
  - component: {fileID: 8325534404898824591}
  m_Layer: 0
  m_Name: CoxaMidFront.R
  m_TagString: Untagged
  m_Icon: {fileID: 0}
  m_NavMeshLayer: 0
  m_StaticEditorFlags: 0
  m_IsActive: 1
--- !u!4 &8325534404898824591
Transform:
  m_ObjectHideFlags: 0
  m_CorrespondingSourceObject: {fileID: 0}
  m_PrefabInstance: {fileID: 0}
  m_PrefabAsset: {fileID: 0}
  m_GameObject: {fileID: 4258319033571530248}
  m_LocalRotation: {x: 0.4223084, y: 0.83545846, z: 0.03746543, w: -0.3496586}
  m_LocalPosition: {x: 0.0028965762, y: 0.009147441, z: 0.0011695685}
  m_LocalScale: {x: 1, y: 1.0000001, z: 0.9999999}
  m_Children:
  - {fileID: 4258520868701416681}
  m_Father: {fileID: 4797316361473048382}
  m_RootOrder: 6
  m_LocalEulerAnglesHint: {x: -13.813497, y: -145.40868, z: 36.064224}
--- !u!1 &4491295954024068742
GameObject:
  m_ObjectHideFlags: 0
  m_CorrespondingSourceObject: {fileID: 0}
  m_PrefabInstance: {fileID: 0}
  m_PrefabAsset: {fileID: 0}
  serializedVersion: 6
  m_Component:
  - component: {fileID: 5671456449753995551}
  m_Layer: 0
  m_Name: MetatarsusMidFront.L
  m_TagString: Untagged
  m_Icon: {fileID: 0}
  m_NavMeshLayer: 0
  m_StaticEditorFlags: 0
  m_IsActive: 1
--- !u!4 &5671456449753995551
Transform:
  m_ObjectHideFlags: 0
  m_CorrespondingSourceObject: {fileID: 0}
  m_PrefabInstance: {fileID: 0}
  m_PrefabAsset: {fileID: 0}
  m_GameObject: {fileID: 4491295954024068742}
  m_LocalRotation: {x: 0.000000047845536, y: 0.0000005969449, z: 0.049711302, w: 0.9987636}
  m_LocalPosition: {x: 7.5194745e-10, y: 0.018193347, z: 2.4168115e-11}
  m_LocalScale: {x: 1, y: 0.99999994, z: 1}
  m_Children:
  - {fileID: 3540722389611373860}
  m_Father: {fileID: 1924636361694687385}
  m_RootOrder: 0
  m_LocalEulerAnglesHint: {x: -78.075165, y: -64.18503, z: 67.4084}
--- !u!1 &4530783500944652775
GameObject:
  m_ObjectHideFlags: 0
  m_CorrespondingSourceObject: {fileID: 0}
  m_PrefabInstance: {fileID: 0}
  m_PrefabAsset: {fileID: 0}
  serializedVersion: 6
  m_Component:
  - component: {fileID: 1013806611551777486}
  m_Layer: 0
  m_Name: TarsusFront.R_end
  m_TagString: Untagged
  m_Icon: {fileID: 0}
  m_NavMeshLayer: 0
  m_StaticEditorFlags: 0
  m_IsActive: 1
--- !u!4 &1013806611551777486
Transform:
  m_ObjectHideFlags: 0
  m_CorrespondingSourceObject: {fileID: 0}
  m_PrefabInstance: {fileID: 0}
  m_PrefabAsset: {fileID: 0}
  m_GameObject: {fileID: 4530783500944652775}
  m_LocalRotation: {x: 0, y: -0, z: -0, w: 1}
  m_LocalPosition: {x: -0, y: 0.0050760144, z: 0}
  m_LocalScale: {x: 1, y: 1, z: 1}
  m_Children: []
  m_Father: {fileID: 720086505371682894}
  m_RootOrder: 0
  m_LocalEulerAnglesHint: {x: 0, y: 0, z: 0}
--- !u!1 &4814056598958604179
GameObject:
  m_ObjectHideFlags: 0
  m_CorrespondingSourceObject: {fileID: 0}
  m_PrefabInstance: {fileID: 0}
  m_PrefabAsset: {fileID: 0}
  serializedVersion: 6
  m_Component:
  - component: {fileID: 3665278839261932234}
  m_Layer: 0
  m_Name: PatellaTibiaRear.R
  m_TagString: Untagged
  m_Icon: {fileID: 0}
  m_NavMeshLayer: 0
  m_StaticEditorFlags: 0
  m_IsActive: 1
--- !u!4 &3665278839261932234
Transform:
  m_ObjectHideFlags: 0
  m_CorrespondingSourceObject: {fileID: 0}
  m_PrefabInstance: {fileID: 0}
  m_PrefabAsset: {fileID: 0}
  m_GameObject: {fileID: 4814056598958604179}
  m_LocalRotation: {x: 0.0068242126, y: -0.00076500734, z: 0.2992456, w: 0.95415145}
  m_LocalPosition: {x: 4.0190798e-10, y: 0.01194433, z: -1.2572854e-10}
  m_LocalScale: {x: 0.99999994, y: 0.99999976, z: 0.99999976}
  m_Children:
  - {fileID: 3372675672306843810}
  m_Father: {fileID: 6630720279441740693}
  m_RootOrder: 0
  m_LocalEulerAnglesHint: {x: -57.318752, y: -58.238773, z: 40.912106}
--- !u!1 &4837427626737565116
GameObject:
  m_ObjectHideFlags: 0
  m_CorrespondingSourceObject: {fileID: 0}
  m_PrefabInstance: {fileID: 0}
  m_PrefabAsset: {fileID: 0}
  serializedVersion: 6
  m_Component:
  - component: {fileID: 6668915912072288318}
  m_Layer: 0
  m_Name: MetatarsusMidRear.L
  m_TagString: Untagged
  m_Icon: {fileID: 0}
  m_NavMeshLayer: 0
  m_StaticEditorFlags: 0
  m_IsActive: 1
--- !u!4 &6668915912072288318
Transform:
  m_ObjectHideFlags: 0
  m_CorrespondingSourceObject: {fileID: 0}
  m_PrefabInstance: {fileID: 0}
  m_PrefabAsset: {fileID: 0}
  m_GameObject: {fileID: 4837427626737565116}
  m_LocalRotation: {x: -0.008103954, y: 0.0014564267, z: -0.045390986, w: 0.9989354}
  m_LocalPosition: {x: -0.0000000018290301, y: 0.01852689, z: 1.6298145e-11}
  m_LocalScale: {x: 0.99999994, y: 0.99999976, z: 0.9999998}
  m_Children:
  - {fileID: 3498813997178517182}
  m_Father: {fileID: 8487154237990908859}
  m_RootOrder: 0
  m_LocalEulerAnglesHint: {x: -33.183846, y: 3.6274734, z: -6.192201}
--- !u!1 &4898515289635149116
GameObject:
  m_ObjectHideFlags: 0
  m_CorrespondingSourceObject: {fileID: 0}
  m_PrefabInstance: {fileID: 0}
  m_PrefabAsset: {fileID: 0}
  serializedVersion: 6
  m_Component:
  - component: {fileID: 2090573760056329380}
  m_Layer: 0
  m_Name: CoxaMid.R
  m_TagString: Untagged
  m_Icon: {fileID: 0}
  m_NavMeshLayer: 0
  m_StaticEditorFlags: 0
  m_IsActive: 1
--- !u!4 &2090573760056329380
Transform:
  m_ObjectHideFlags: 0
  m_CorrespondingSourceObject: {fileID: 0}
  m_PrefabInstance: {fileID: 0}
  m_PrefabAsset: {fileID: 0}
  m_GameObject: {fileID: 4898515289635149116}
  m_LocalRotation: {x: 0.53383094, y: 0.7896784, z: 0.09562073, w: -0.28686106}
  m_LocalPosition: {x: 0.0035244275, y: 0.007031165, z: 0.00082446326}
  m_LocalScale: {x: 1.0000001, y: 1.0000004, z: 1}
  m_Children:
  - {fileID: 6022340686110042098}
  m_Father: {fileID: 4797316361473048382}
  m_RootOrder: 4
  m_LocalEulerAnglesHint: {x: -11.093454, y: -164.91205, z: 62.24395}
--- !u!1 &5132423137372755563
GameObject:
  m_ObjectHideFlags: 0
  m_CorrespondingSourceObject: {fileID: 0}
  m_PrefabInstance: {fileID: 0}
  m_PrefabAsset: {fileID: 0}
  serializedVersion: 6
  m_Component:
  - component: {fileID: 4890888636040881559}
  m_Layer: 0
  m_Name: TarsusMidRear.R
  m_TagString: Untagged
  m_Icon: {fileID: 0}
  m_NavMeshLayer: 0
  m_StaticEditorFlags: 0
  m_IsActive: 1
--- !u!4 &4890888636040881559
Transform:
  m_ObjectHideFlags: 0
  m_CorrespondingSourceObject: {fileID: 0}
  m_PrefabInstance: {fileID: 0}
  m_PrefabAsset: {fileID: 0}
  m_GameObject: {fileID: 5132423137372755563}
  m_LocalRotation: {x: 0.0016001198, y: -0.0052792095, z: -0.024962252, w: 0.9996732}
  m_LocalPosition: {x: -5.943548e-10, y: 0.0057483227, z: 5.5879353e-11}
  m_LocalScale: {x: 0.9999999, y: 0.9999999, z: 0.9999999}
  m_Children:
  - {fileID: 6689134411471338650}
  m_Father: {fileID: 4238615712890236861}
  m_RootOrder: 0
  m_LocalEulerAnglesHint: {x: 6.3368783, y: -1.282136, z: -2.4907231}
--- !u!1 &5263704552134587678
GameObject:
  m_ObjectHideFlags: 0
  m_CorrespondingSourceObject: {fileID: 0}
  m_PrefabInstance: {fileID: 0}
  m_PrefabAsset: {fileID: 0}
  serializedVersion: 6
  m_Component:
  - component: {fileID: 4456242646064858811}
  m_Layer: 0
  m_Name: MetatarsusFront.L
  m_TagString: Untagged
  m_Icon: {fileID: 0}
  m_NavMeshLayer: 0
  m_StaticEditorFlags: 0
  m_IsActive: 1
--- !u!4 &4456242646064858811
Transform:
  m_ObjectHideFlags: 0
  m_CorrespondingSourceObject: {fileID: 0}
  m_PrefabInstance: {fileID: 0}
  m_PrefabAsset: {fileID: 0}
  m_GameObject: {fileID: 5263704552134587678}
  m_LocalRotation: {x: 0.00000040103524, y: 0.000001418234, z: 0.14349905, w: 0.9896505}
  m_LocalPosition: {x: 3.7787393e-10, y: 0.0026778113, z: 3.157993e-11}
  m_LocalScale: {x: 1, y: 1.0000001, z: 1}
  m_Children:
  - {fileID: 4889289333479742158}
  m_Father: {fileID: 7194032980525544693}
  m_RootOrder: 0
  m_LocalEulerAnglesHint: {x: -21.11239, y: -9.93457, z: 6.9124975}
--- !u!1 &5335508332198156327
GameObject:
  m_ObjectHideFlags: 0
  m_CorrespondingSourceObject: {fileID: 0}
  m_PrefabInstance: {fileID: 0}
  m_PrefabAsset: {fileID: 0}
  serializedVersion: 6
  m_Component:
  - component: {fileID: 6022340686110042098}
  m_Layer: 0
  m_Name: FemurMid.R
  m_TagString: Untagged
  m_Icon: {fileID: 0}
  m_NavMeshLayer: 0
  m_StaticEditorFlags: 0
  m_IsActive: 1
--- !u!4 &6022340686110042098
Transform:
  m_ObjectHideFlags: 0
  m_CorrespondingSourceObject: {fileID: 0}
  m_PrefabInstance: {fileID: 0}
  m_PrefabAsset: {fileID: 0}
  m_GameObject: {fileID: 5335508332198156327}
  m_LocalRotation: {x: -0.08093674, y: -0.28236917, z: -0.014760713, w: 0.95577145}
  m_LocalPosition: {x: -0.0000000011920929, y: 0.0047494704, z: -4.0978193e-10}
  m_LocalScale: {x: 1, y: 0.99999994, z: 0.9999998}
  m_Children:
  - {fileID: 1945598857372462803}
  m_Father: {fileID: 2090573760056329380}
  m_RootOrder: 0
  m_LocalEulerAnglesHint: {x: 36.11937, y: 4.5237164, z: 23.705584}
--- !u!1 &5713058901414479033
GameObject:
  m_ObjectHideFlags: 0
  m_CorrespondingSourceObject: {fileID: 0}
  m_PrefabInstance: {fileID: 0}
  m_PrefabAsset: {fileID: 0}
  serializedVersion: 6
  m_Component:
  - component: {fileID: 439403405149335855}
  m_Layer: 0
  m_Name: FemurFront.R
  m_TagString: Untagged
  m_Icon: {fileID: 0}
  m_NavMeshLayer: 0
  m_StaticEditorFlags: 0
  m_IsActive: 1
--- !u!4 &439403405149335855
Transform:
  m_ObjectHideFlags: 0
  m_CorrespondingSourceObject: {fileID: 0}
  m_PrefabInstance: {fileID: 0}
  m_PrefabAsset: {fileID: 0}
  m_GameObject: {fileID: 5713058901414479033}
  m_LocalRotation: {x: -0.06945933, y: -0.37274447, z: -0.05873407, w: 0.92346483}
  m_LocalPosition: {x: 5.9604643e-10, y: 0.0045104316, z: -3.72529e-10}
  m_LocalScale: {x: 1, y: 0.99999994, z: 0.9999999}
  m_Children:
  - {fileID: 743528014568335297}
  m_Father: {fileID: 7523861369486040828}
  m_RootOrder: 0
  m_LocalEulerAnglesHint: {x: 34.908745, y: -98.24061, z: 6.0004835}
--- !u!1 &5782460937142829368
GameObject:
  m_ObjectHideFlags: 0
  m_CorrespondingSourceObject: {fileID: 0}
  m_PrefabInstance: {fileID: 0}
  m_PrefabAsset: {fileID: 0}
  serializedVersion: 6
  m_Component:
  - component: {fileID: 4998114496923042540}
  m_Layer: 0
  m_Name: CoxaFront.L
  m_TagString: Untagged
  m_Icon: {fileID: 0}
  m_NavMeshLayer: 0
  m_StaticEditorFlags: 0
  m_IsActive: 1
--- !u!4 &4998114496923042540
Transform:
  m_ObjectHideFlags: 0
  m_CorrespondingSourceObject: {fileID: 0}
  m_PrefabInstance: {fileID: 0}
  m_PrefabAsset: {fileID: 0}
  m_GameObject: {fileID: 5782460937142829368}
  m_LocalRotation: {x: -0.2866444, y: 0.8779785, z: 0.036496907, w: 0.38165003}
  m_LocalPosition: {x: -0.0023045267, y: 0.010817026, z: 0.0008853265}
  m_LocalScale: {x: 1, y: 1, z: 1}
  m_Children:
  - {fileID: 8573719456864635792}
  m_Father: {fileID: 4797316361473048382}
  m_RootOrder: 1
  m_LocalEulerAnglesHint: {x: -10.313734, y: 136.76305, z: -13.150541}
--- !u!1 &5874077374196959387
GameObject:
  m_ObjectHideFlags: 0
  m_CorrespondingSourceObject: {fileID: 0}
  m_PrefabInstance: {fileID: 0}
  m_PrefabAsset: {fileID: 0}
  serializedVersion: 6
  m_Component:
  - component: {fileID: 2568758879650834839}
  m_Layer: 0
  m_Name: CoxaRear.R
  m_TagString: Untagged
  m_Icon: {fileID: 0}
  m_NavMeshLayer: 0
  m_StaticEditorFlags: 0
  m_IsActive: 1
--- !u!4 &2568758879650834839
Transform:
  m_ObjectHideFlags: 0
  m_CorrespondingSourceObject: {fileID: 0}
  m_PrefabInstance: {fileID: 0}
  m_PrefabAsset: {fileID: 0}
  m_GameObject: {fileID: 5874077374196959387}
  m_LocalRotation: {x: 0.9327401, y: 0.34130538, z: 0.013860526, w: -0.11538838}
  m_LocalPosition: {x: 0.0018992968, y: 0.0023640979, z: 0.0007766151}
  m_LocalScale: {x: 0.9999995, y: 0.99999964, z: 1}
  m_Children:
  - {fileID: 6630720279441740693}
  m_Father: {fileID: 4797316361473048382}
  m_RootOrder: 10
  m_LocalEulerAnglesHint: {x: -12.986177, y: -176.88747, z: 139.44879}
--- !u!1 &5890771918077322658
GameObject:
  m_ObjectHideFlags: 0
  m_CorrespondingSourceObject: {fileID: 0}
  m_PrefabInstance: {fileID: 0}
  m_PrefabAsset: {fileID: 0}
  serializedVersion: 6
  m_Component:
  - component: {fileID: 2979479646147718260}
  - component: {fileID: 6727443026666285761}
  m_Layer: 0
  m_Name: WolfSpider
  m_TagString: Untagged
  m_Icon: {fileID: 0}
  m_NavMeshLayer: 0
  m_StaticEditorFlags: 0
  m_IsActive: 1
--- !u!4 &2979479646147718260
Transform:
  m_ObjectHideFlags: 0
  m_CorrespondingSourceObject: {fileID: 0}
  m_PrefabInstance: {fileID: 0}
  m_PrefabAsset: {fileID: 0}
  m_GameObject: {fileID: 5890771918077322658}
  m_LocalRotation: {x: -0.7071068, y: 0, z: -0, w: 0.7071067}
  m_LocalPosition: {x: -0, y: 0.21438833, z: 0}
  m_LocalScale: {x: 100, y: 100, z: 100}
  m_Children: []
  m_Father: {fileID: 2596295551890280212}
  m_RootOrder: 1
  m_LocalEulerAnglesHint: {x: 0, y: 0, z: 0}
--- !u!137 &6727443026666285761
SkinnedMeshRenderer:
  m_ObjectHideFlags: 0
  m_CorrespondingSourceObject: {fileID: 0}
  m_PrefabInstance: {fileID: 0}
  m_PrefabAsset: {fileID: 0}
  m_GameObject: {fileID: 5890771918077322658}
  m_Enabled: 1
  m_CastShadows: 1
  m_ReceiveShadows: 1
  m_DynamicOccludee: 1
  m_MotionVectors: 1
  m_LightProbeUsage: 1
  m_ReflectionProbeUsage: 1
  m_RayTracingMode: 0
  m_RenderingLayerMask: 1
  m_RendererPriority: 0
  m_Materials:
  - {fileID: 2100000, guid: 131e02ac796ef7945bf76d49be7c37be, type: 2}
  m_StaticBatchInfo:
    firstSubMesh: 0
    subMeshCount: 0
  m_StaticBatchRoot: {fileID: 0}
  m_ProbeAnchor: {fileID: 0}
  m_LightProbeVolumeOverride: {fileID: 0}
  m_ScaleInLightmap: 1
  m_ReceiveGI: 1
  m_PreserveUVs: 0
  m_IgnoreNormalsForChartDetection: 0
  m_ImportantGI: 0
  m_StitchLightmapSeams: 1
  m_SelectedEditorRenderState: 3
  m_MinimumChartSize: 4
  m_AutoUVMaxDistance: 0.5
  m_AutoUVMaxAngle: 89
  m_LightmapParameters: {fileID: 0}
  m_SortingLayerID: 0
  m_SortingLayer: 0
  m_SortingOrder: 0
  serializedVersion: 2
  m_Quality: 0
  m_UpdateWhenOffscreen: 0
  m_SkinnedMotionVectors: 1
  m_Mesh: {fileID: -8034244776543931998, guid: 948efc7c2a171814a9ba9f73d5eca308, type: 3}
  m_Bones:
  - {fileID: 4797316361473048382}
  - {fileID: 7926285081736743937}
  - {fileID: 2066553890578435815}
  - {fileID: 4830751792058749734}
  - {fileID: 8230502439155098156}
  - {fileID: 944126510261109648}
  - {fileID: 3396648293517671711}
  - {fileID: 97585688925400177}
  - {fileID: 1599300819823268730}
  - {fileID: 8487154237990908859}
  - {fileID: 6668915912072288318}
  - {fileID: 3498813997178517182}
  - {fileID: 8067972706249918871}
  - {fileID: 1968544822573863319}
  - {fileID: 8752114258717048847}
  - {fileID: 2656880608791674031}
  - {fileID: 2637458721859229989}
  - {fileID: 5344176283895560775}
  - {fileID: 8507585590609455491}
  - {fileID: 1924636361694687385}
  - {fileID: 5671456449753995551}
  - {fileID: 3540722389611373860}
  - {fileID: 4998114496923042540}
  - {fileID: 8573719456864635792}
  - {fileID: 7194032980525544693}
  - {fileID: 4456242646064858811}
  - {fileID: 4889289333479742158}
  - {fileID: 2568758879650834839}
  - {fileID: 6630720279441740693}
  - {fileID: 3665278839261932234}
  - {fileID: 3372675672306843810}
  - {fileID: 126756061372415849}
  - {fileID: 2973659786444138668}
  - {fileID: 106610880671597616}
  - {fileID: 7971367055463081894}
  - {fileID: 4238615712890236861}
  - {fileID: 4890888636040881559}
  - {fileID: 2090573760056329380}
  - {fileID: 6022340686110042098}
  - {fileID: 1945598857372462803}
  - {fileID: 6071460475575021130}
  - {fileID: 5595168655981503689}
  - {fileID: 8325534404898824591}
  - {fileID: 4258520868701416681}
  - {fileID: 1259597660926896957}
  - {fileID: 2545751603719308303}
  - {fileID: 1022852500212256825}
  - {fileID: 7523861369486040828}
  - {fileID: 439403405149335855}
  - {fileID: 743528014568335297}
  - {fileID: 8172907658498429628}
  - {fileID: 720086505371682894}
  m_BlendShapeWeights: []
  m_RootBone: {fileID: 4797316361473048382}
  m_AABB:
    m_Center: {x: 0.000000007450581, y: 0.004707722, z: -0.0018327613}
    m_Extent: {x: 0.03372976, y: 0.044941686, z: 0.006500022}
  m_DirtyAABB: 0
--- !u!1 &6128446631139617868
GameObject:
  m_ObjectHideFlags: 0
  m_CorrespondingSourceObject: {fileID: 0}
  m_PrefabInstance: {fileID: 0}
  m_PrefabAsset: {fileID: 0}
  serializedVersion: 6
  m_Component:
  - component: {fileID: 106610880671597616}
  m_Layer: 0
  m_Name: FemurMidRear.R
  m_TagString: Untagged
  m_Icon: {fileID: 0}
  m_NavMeshLayer: 0
  m_StaticEditorFlags: 0
  m_IsActive: 1
--- !u!4 &106610880671597616
Transform:
  m_ObjectHideFlags: 0
  m_CorrespondingSourceObject: {fileID: 0}
  m_PrefabInstance: {fileID: 0}
  m_PrefabAsset: {fileID: 0}
  m_GameObject: {fileID: 6128446631139617868}
  m_LocalRotation: {x: -0.10228048, y: -0.10566624, z: 0.06339408, w: 0.987094}
  m_LocalPosition: {x: 1.4901161e-10, y: 0.0039758096, z: -3.7252902e-11}
  m_LocalScale: {x: 1, y: 1, z: 1.0000001}
  m_Children:
  - {fileID: 7971367055463081894}
  m_Father: {fileID: 2973659786444138668}
  m_RootOrder: 0
  m_LocalEulerAnglesHint: {x: 4.2364416, y: -58.481678, z: 43.928234}
--- !u!1 &6267706496853651879
GameObject:
  m_ObjectHideFlags: 0
  m_CorrespondingSourceObject: {fileID: 0}
  m_PrefabInstance: {fileID: 0}
  m_PrefabAsset: {fileID: 0}
  serializedVersion: 6
  m_Component:
  - component: {fileID: 3372675672306843810}
  m_Layer: 0
  m_Name: MetatarsusRear.R
  m_TagString: Untagged
  m_Icon: {fileID: 0}
  m_NavMeshLayer: 0
  m_StaticEditorFlags: 0
  m_IsActive: 1
--- !u!4 &3372675672306843810
Transform:
  m_ObjectHideFlags: 0
  m_CorrespondingSourceObject: {fileID: 0}
  m_PrefabInstance: {fileID: 0}
  m_PrefabAsset: {fileID: 0}
  m_GameObject: {fileID: 6267706496853651879}
  m_LocalRotation: {x: 0.003747843, y: 0.00078388397, z: 0.046428658, w: 0.9989143}
  m_LocalPosition: {x: -0.0000000014062326, y: 0.018399972, z: -6.954906e-11}
  m_LocalScale: {x: 1, y: 1, z: 1}
  m_Children:
  - {fileID: 126756061372415849}
  m_Father: {fileID: 3665278839261932234}
  m_RootOrder: 0
  m_LocalEulerAnglesHint: {x: 2.6428874, y: -4.6284904, z: 5.307219}
--- !u!1 &6322604620464991195
GameObject:
  m_ObjectHideFlags: 0
  m_CorrespondingSourceObject: {fileID: 0}
  m_PrefabInstance: {fileID: 0}
  m_PrefabAsset: {fileID: 0}
  serializedVersion: 6
  m_Component:
  - component: {fileID: 720086505371682894}
  m_Layer: 0
  m_Name: TarsusFront.R
  m_TagString: Untagged
  m_Icon: {fileID: 0}
  m_NavMeshLayer: 0
  m_StaticEditorFlags: 0
  m_IsActive: 1
--- !u!4 &720086505371682894
Transform:
  m_ObjectHideFlags: 0
  m_CorrespondingSourceObject: {fileID: 0}
  m_PrefabInstance: {fileID: 0}
  m_PrefabAsset: {fileID: 0}
  m_GameObject: {fileID: 6322604620464991195}
  m_LocalRotation: {x: 0.000000034852633, y: -0.00000029414562, z: -0.03183809, w: 0.99949306}
  m_LocalPosition: {x: -1.8603265e-11, y: 0.003171591, z: 5.6701307e-13}
  m_LocalScale: {x: 1, y: 1, z: 1}
  m_Children:
  - {fileID: 1013806611551777486}
  m_Father: {fileID: 8172907658498429628}
  m_RootOrder: 0
  m_LocalEulerAnglesHint: {x: -23.9899, y: -7.996168, z: 7.5566826}
--- !u!1 &6548707346488028834
GameObject:
  m_ObjectHideFlags: 0
  m_CorrespondingSourceObject: {fileID: 0}
  m_PrefabInstance: {fileID: 0}
  m_PrefabAsset: {fileID: 0}
  serializedVersion: 6
  m_Component:
  - component: {fileID: 1968544822573863319}
  m_Layer: 0
  m_Name: FemurMid.L
  m_TagString: Untagged
  m_Icon: {fileID: 0}
  m_NavMeshLayer: 0
  m_StaticEditorFlags: 0
  m_IsActive: 1
--- !u!4 &1968544822573863319
Transform:
  m_ObjectHideFlags: 0
  m_CorrespondingSourceObject: {fileID: 0}
  m_PrefabInstance: {fileID: 0}
  m_PrefabAsset: {fileID: 0}
  m_GameObject: {fileID: 6548707346488028834}
  m_LocalRotation: {x: -0.08093674, y: 0.28236905, z: 0.014760637, w: 0.9557715}
  m_LocalPosition: {x: 3.72529e-10, y: 0.004749471, z: -2.2351741e-10}
  m_LocalScale: {x: 1, y: 1.0000001, z: 1}
  m_Children:
  - {fileID: 8752114258717048847}
  m_Father: {fileID: 8067972706249918871}
  m_RootOrder: 0
  m_LocalEulerAnglesHint: {x: 38.860123, y: 10.455621, z: -24.73695}
--- !u!1 &6590569407491185579
GameObject:
  m_ObjectHideFlags: 0
  m_CorrespondingSourceObject: {fileID: 0}
  m_PrefabInstance: {fileID: 0}
  m_PrefabAsset: {fileID: 0}
  serializedVersion: 6
  m_Component:
  - component: {fileID: 2032121982177635536}
  m_Layer: 0
  m_Name: TarsusRear.L_end
  m_TagString: Untagged
  m_Icon: {fileID: 0}
  m_NavMeshLayer: 0
  m_StaticEditorFlags: 0
  m_IsActive: 1
--- !u!4 &2032121982177635536
Transform:
  m_ObjectHideFlags: 0
  m_CorrespondingSourceObject: {fileID: 0}
  m_PrefabInstance: {fileID: 0}
  m_PrefabAsset: {fileID: 0}
  m_GameObject: {fileID: 6590569407491185579}
  m_LocalRotation: {x: 0, y: -0, z: -0, w: 1}
  m_LocalPosition: {x: -0, y: 0.004924, z: 0}
  m_LocalScale: {x: 1, y: 1, z: 1}
  m_Children: []
  m_Father: {fileID: 3396648293517671711}
  m_RootOrder: 0
  m_LocalEulerAnglesHint: {x: 0, y: 0, z: 0}
--- !u!1 &6770694383585939814
GameObject:
  m_ObjectHideFlags: 0
  m_CorrespondingSourceObject: {fileID: 0}
  m_PrefabInstance: {fileID: 0}
  m_PrefabAsset: {fileID: 0}
  serializedVersion: 6
  m_Component:
  - component: {fileID: 7971367055463081894}
  m_Layer: 0
  m_Name: PatellaTibiaMidRear.R
  m_TagString: Untagged
  m_Icon: {fileID: 0}
  m_NavMeshLayer: 0
  m_StaticEditorFlags: 0
  m_IsActive: 1
--- !u!4 &7971367055463081894
Transform:
  m_ObjectHideFlags: 0
  m_CorrespondingSourceObject: {fileID: 0}
  m_PrefabInstance: {fileID: 0}
  m_PrefabAsset: {fileID: 0}
  m_GameObject: {fileID: 6770694383585939814}
  m_LocalRotation: {x: -0.0040082065, y: 0.0027522624, z: 0.2955352, w: 0.9553195}
  m_LocalPosition: {x: 9.645009e-10, y: 0.01152675, z: -9.837094e-11}
  m_LocalScale: {x: 1, y: 0.99999994, z: 0.99999994}
  m_Children:
  - {fileID: 4238615712890236861}
  m_Father: {fileID: 106610880671597616}
  m_RootOrder: 0
  m_LocalEulerAnglesHint: {x: -51.371975, y: 15.900112, z: -24.855179}
--- !u!1 &6799080295603779850
GameObject:
  m_ObjectHideFlags: 0
  m_CorrespondingSourceObject: {fileID: 0}
  m_PrefabInstance: {fileID: 0}
  m_PrefabAsset: {fileID: 0}
  serializedVersion: 6
  m_Component:
  - component: {fileID: 3498813997178517182}
  m_Layer: 0
  m_Name: TarsusMidRear.L
  m_TagString: Untagged
  m_Icon: {fileID: 0}
  m_NavMeshLayer: 0
  m_StaticEditorFlags: 0
  m_IsActive: 1
--- !u!4 &3498813997178517182
Transform:
  m_ObjectHideFlags: 0
  m_CorrespondingSourceObject: {fileID: 0}
  m_PrefabInstance: {fileID: 0}
  m_PrefabAsset: {fileID: 0}
  m_GameObject: {fileID: 6799080295603779850}
  m_LocalRotation: {x: 0.0016001215, y: 0.0052792085, z: 0.024962258, w: 0.9996732}
  m_LocalPosition: {x: 0.0000000011914016, y: 0.0057483185, z: -2.7939677e-11}
  m_LocalScale: {x: 0.9999999, y: 1, z: 0.99999994}
  m_Children:
  - {fileID: 4539446762663923890}
  m_Father: {fileID: 6668915912072288318}
  m_RootOrder: 0
  m_LocalEulerAnglesHint: {x: 26.859106, y: 1.8065616, z: 3.0100439}
--- !u!1 &6968997844630367122
GameObject:
  m_ObjectHideFlags: 0
  m_CorrespondingSourceObject: {fileID: 0}
  m_PrefabInstance: {fileID: 0}
  m_PrefabAsset: {fileID: 0}
  serializedVersion: 6
  m_Component:
  - component: {fileID: 1777215041867138202}
  m_Layer: 0
  m_Name: SpiderArmature
  m_TagString: Untagged
  m_Icon: {fileID: 0}
  m_NavMeshLayer: 0
  m_StaticEditorFlags: 0
  m_IsActive: 1
--- !u!4 &1777215041867138202
Transform:
  m_ObjectHideFlags: 0
  m_CorrespondingSourceObject: {fileID: 0}
  m_PrefabInstance: {fileID: 0}
  m_PrefabAsset: {fileID: 0}
  m_GameObject: {fileID: 6968997844630367122}
  m_LocalRotation: {x: -0.7071068, y: 0, z: -0, w: 0.7071067}
  m_LocalPosition: {x: -0, y: 0, z: 0}
  m_LocalScale: {x: 100, y: 100, z: 100}
  m_Children:
  - {fileID: 4797316361473048382}
  m_Father: {fileID: 2596295551890280212}
  m_RootOrder: 0
  m_LocalEulerAnglesHint: {x: -89.98021, y: 0, z: 0}
--- !u!1 &7242872919561647758
GameObject:
  m_ObjectHideFlags: 0
  m_CorrespondingSourceObject: {fileID: 0}
  m_PrefabInstance: {fileID: 0}
  m_PrefabAsset: {fileID: 0}
  serializedVersion: 6
  m_Component:
  - component: {fileID: 6996768605258718766}
  m_Layer: 0
  m_Name: TarsusMidFront.R_end
  m_TagString: Untagged
  m_Icon: {fileID: 0}
  m_NavMeshLayer: 0
  m_StaticEditorFlags: 0
  m_IsActive: 1
--- !u!4 &6996768605258718766
Transform:
  m_ObjectHideFlags: 0
  m_CorrespondingSourceObject: {fileID: 0}
  m_PrefabInstance: {fileID: 0}
  m_PrefabAsset: {fileID: 0}
  m_GameObject: {fileID: 7242872919561647758}
  m_LocalRotation: {x: 0, y: -0, z: -0, w: 1}
  m_LocalPosition: {x: -0, y: 0.005317706, z: 0}
  m_LocalScale: {x: 1, y: 1, z: 1}
  m_Children: []
  m_Father: {fileID: 1022852500212256825}
  m_RootOrder: 0
  m_LocalEulerAnglesHint: {x: 0, y: 0, z: 0}
--- !u!1 &7509253020947074004
GameObject:
  m_ObjectHideFlags: 0
  m_CorrespondingSourceObject: {fileID: 0}
  m_PrefabInstance: {fileID: 0}
  m_PrefabAsset: {fileID: 0}
  serializedVersion: 6
  m_Component:
  - component: {fileID: 4830751792058749734}
  m_Layer: 0
  m_Name: FemurRear.L
  m_TagString: Untagged
  m_Icon: {fileID: 0}
  m_NavMeshLayer: 0
  m_StaticEditorFlags: 0
  m_IsActive: 1
--- !u!4 &4830751792058749734
Transform:
  m_ObjectHideFlags: 0
  m_CorrespondingSourceObject: {fileID: 0}
  m_PrefabInstance: {fileID: 0}
  m_PrefabAsset: {fileID: 0}
  m_GameObject: {fileID: 7509253020947074004}
  m_LocalRotation: {x: -0.10198947, y: 0.04131673, z: -0.045514308, w: 0.99288446}
  m_LocalPosition: {x: 1.862645e-10, y: 0.0045636455, z: -1.8626451e-11}
  m_LocalScale: {x: 1, y: 1, z: 1}
  m_Children:
  - {fileID: 8230502439155098156}
  m_Father: {fileID: 2066553890578435815}
  m_RootOrder: 0
  m_LocalEulerAnglesHint: {x: -13.20511, y: 12.426296, z: -2.3406236}
--- !u!1 &8023436685646748860
GameObject:
  m_ObjectHideFlags: 0
  m_CorrespondingSourceObject: {fileID: 0}
  m_PrefabInstance: {fileID: 0}
  m_PrefabAsset: {fileID: 0}
  serializedVersion: 6
  m_Component:
  - component: {fileID: 4238615712890236861}
  m_Layer: 0
  m_Name: MetatarsusMidRear.R
  m_TagString: Untagged
  m_Icon: {fileID: 0}
  m_NavMeshLayer: 0
  m_StaticEditorFlags: 0
  m_IsActive: 1
--- !u!4 &4238615712890236861
Transform:
  m_ObjectHideFlags: 0
  m_CorrespondingSourceObject: {fileID: 0}
  m_PrefabInstance: {fileID: 0}
  m_PrefabAsset: {fileID: 0}
  m_GameObject: {fileID: 8023436685646748860}
  m_LocalRotation: {x: -0.008103952, y: -0.0014564241, z: 0.04539102, w: 0.9989354}
  m_LocalPosition: {x: 0.0000000030193767, y: 0.018526893, z: 1.1408701e-10}
  m_LocalScale: {x: 0.9999999, y: 0.9999999, z: 0.9999999}
  m_Children:
  - {fileID: 4890888636040881559}
  m_Father: {fileID: 7971367055463081894}
  m_RootOrder: 0
  m_LocalEulerAnglesHint: {x: -21.753002, y: 10.454998, z: 9.629721}
--- !u!1 &8180511295021816538
GameObject:
  m_ObjectHideFlags: 0
  m_CorrespondingSourceObject: {fileID: 0}
  m_PrefabInstance: {fileID: 0}
  m_PrefabAsset: {fileID: 0}
  serializedVersion: 6
  m_Component:
  - component: {fileID: 7523861369486040828}
  m_Layer: 0
  m_Name: CoxaFront.R
  m_TagString: Untagged
  m_Icon: {fileID: 0}
  m_NavMeshLayer: 0
  m_StaticEditorFlags: 0
  m_IsActive: 1
--- !u!4 &7523861369486040828
Transform:
  m_ObjectHideFlags: 0
  m_CorrespondingSourceObject: {fileID: 0}
  m_PrefabInstance: {fileID: 0}
  m_PrefabAsset: {fileID: 0}
  m_GameObject: {fileID: 8180511295021816538}
  m_LocalRotation: {x: 0.2866448, y: 0.8779749, z: 0.03649425, w: -0.3816583}
  m_LocalPosition: {x: 0.002304543, y: 0.010817023, z: 0.0008852837}
  m_LocalScale: {x: 1, y: 1.0000001, z: 1.0000001}
  m_Children:
  - {fileID: 439403405149335855}
  m_Father: {fileID: 4797316361473048382}
  m_RootOrder: 2
  m_LocalEulerAnglesHint: {x: -10.326002, y: -136.50949, z: 13.138601}
--- !u!1 &8254538626982158504
GameObject:
  m_ObjectHideFlags: 0
  m_CorrespondingSourceObject: {fileID: 0}
  m_PrefabInstance: {fileID: 0}
  m_PrefabAsset: {fileID: 0}
  serializedVersion: 6
  m_Component:
  - component: {fileID: 4889289333479742158}
  m_Layer: 0
  m_Name: TarsusFront.L
  m_TagString: Untagged
  m_Icon: {fileID: 0}
  m_NavMeshLayer: 0
  m_StaticEditorFlags: 0
  m_IsActive: 1
--- !u!4 &4889289333479742158
Transform:
  m_ObjectHideFlags: 0
  m_CorrespondingSourceObject: {fileID: 0}
  m_PrefabInstance: {fileID: 0}
  m_PrefabAsset: {fileID: 0}
  m_GameObject: {fileID: 8254538626982158504}
  m_LocalRotation: {x: 0.000000033931066, y: 0.00000029533257, z: 0.03183806, w: 0.99949306}
  m_LocalPosition: {x: 2.9940603e-10, y: 0.0031715923, z: 1.9270203e-11}
  m_LocalScale: {x: 1, y: 1, z: 1}
  m_Children:
  - {fileID: 2150207913608264557}
  m_Father: {fileID: 4456242646064858811}
  m_RootOrder: 0
  m_LocalEulerAnglesHint: {x: -18.536123, y: 4.0766573, z: -5.734584}
--- !u!1 &8397806020526043777
GameObject:
  m_ObjectHideFlags: 0
  m_CorrespondingSourceObject: {fileID: 0}
  m_PrefabInstance: {fileID: 0}
  m_PrefabAsset: {fileID: 0}
  serializedVersion: 6
  m_Component:
  - component: {fileID: 2545751603719308303}
  m_Layer: 0
  m_Name: MetatarsusMidFront.R
  m_TagString: Untagged
  m_Icon: {fileID: 0}
  m_NavMeshLayer: 0
  m_StaticEditorFlags: 0
  m_IsActive: 1
--- !u!4 &2545751603719308303
Transform:
  m_ObjectHideFlags: 0
  m_CorrespondingSourceObject: {fileID: 0}
  m_PrefabInstance: {fileID: 0}
  m_PrefabAsset: {fileID: 0}
  m_GameObject: {fileID: 8397806020526043777}
  m_LocalRotation: {x: 0.000000061064284, y: -0.0000005928681, z: -0.049711358, w: 0.9987636}
  m_LocalPosition: {x: -7.5228646e-10, y: 0.018193342, z: 5.3034907e-12}
  m_LocalScale: {x: 1, y: 1, z: 1.0000001}
  m_Children:
  - {fileID: 1022852500212256825}
  m_Father: {fileID: 1259597660926896957}
  m_RootOrder: 0
  m_LocalEulerAnglesHint: {x: -72.94053, y: 60.486744, z: -65.70025}
--- !u!1 &8522126078399847926
GameObject:
  m_ObjectHideFlags: 0
  m_CorrespondingSourceObject: {fileID: 0}
  m_PrefabInstance: {fileID: 0}
  m_PrefabAsset: {fileID: 0}
  serializedVersion: 6
  m_Component:
  - component: {fileID: 2289275770582155850}
  m_Layer: 0
  m_Name: TarsusMidFront.L_end
  m_TagString: Untagged
  m_Icon: {fileID: 0}
  m_NavMeshLayer: 0
  m_StaticEditorFlags: 0
  m_IsActive: 1
--- !u!4 &2289275770582155850
Transform:
  m_ObjectHideFlags: 0
  m_CorrespondingSourceObject: {fileID: 0}
  m_PrefabInstance: {fileID: 0}
  m_PrefabAsset: {fileID: 0}
  m_GameObject: {fileID: 8522126078399847926}
  m_LocalRotation: {x: 0, y: -0, z: -0, w: 1}
  m_LocalPosition: {x: -0, y: 0.005317706, z: 0}
  m_LocalScale: {x: 1, y: 1, z: 1}
  m_Children: []
  m_Father: {fileID: 3540722389611373860}
  m_RootOrder: 0
  m_LocalEulerAnglesHint: {x: 0, y: 0, z: 0}
--- !u!1 &8635891373249060972
GameObject:
  m_ObjectHideFlags: 0
  m_CorrespondingSourceObject: {fileID: 0}
  m_PrefabInstance: {fileID: 0}
  m_PrefabAsset: {fileID: 0}
  serializedVersion: 6
  m_Component:
  - component: {fileID: 8487154237990908859}
  m_Layer: 0
  m_Name: PatellaTibiaMidRear.L
  m_TagString: Untagged
  m_Icon: {fileID: 0}
  m_NavMeshLayer: 0
  m_StaticEditorFlags: 0
  m_IsActive: 1
--- !u!4 &8487154237990908859
Transform:
  m_ObjectHideFlags: 0
  m_CorrespondingSourceObject: {fileID: 0}
  m_PrefabInstance: {fileID: 0}
  m_PrefabAsset: {fileID: 0}
  m_GameObject: {fileID: 8635891373249060972}
  m_LocalRotation: {x: -0.00400821, y: -0.002752244, z: -0.29553515, w: 0.9553195}
  m_LocalPosition: {x: -0.0000000015736441, y: 0.01152675, z: -1.0302756e-10}
  m_LocalScale: {x: 1.0000001, y: 1, z: 1}
  m_Children:
  - {fileID: 6668915912072288318}
  m_Father: {fileID: 1599300819823268730}
  m_RootOrder: 0
  m_LocalEulerAnglesHint: {x: -30.543596, y: -5.7301497, z: 0.34156385}
--- !u!1 &8733872953734953619
GameObject:
  m_ObjectHideFlags: 0
  m_CorrespondingSourceObject: {fileID: 0}
  m_PrefabInstance: {fileID: 0}
  m_PrefabAsset: {fileID: 0}
  serializedVersion: 6
  m_Component:
  - component: {fileID: 2656880608791674031}
  m_Layer: 0
  m_Name: MetatarsusMid.L
  m_TagString: Untagged
  m_Icon: {fileID: 0}
  m_NavMeshLayer: 0
  m_StaticEditorFlags: 0
  m_IsActive: 1
--- !u!4 &2656880608791674031
Transform:
  m_ObjectHideFlags: 0
  m_CorrespondingSourceObject: {fileID: 0}
  m_PrefabInstance: {fileID: 0}
  m_PrefabAsset: {fileID: 0}
  m_GameObject: {fileID: 8733872953734953619}
  m_LocalRotation: {x: 0.0012287715, y: -0.000053060045, z: 0.043404352, w: 0.9990569}
  m_LocalPosition: {x: 5.045805e-10, y: 0.018453585, z: 6.984919e-12}
  m_LocalScale: {x: 0.99999994, y: 0.99999994, z: 1}
  m_Children:
  - {fileID: 2637458721859229989}
  m_Father: {fileID: 8752114258717048847}
  m_RootOrder: 0
  m_LocalEulerAnglesHint: {x: 25.330332, y: -67.811, z: 12.324387}
--- !u!1 &8876702204976581012
GameObject:
  m_ObjectHideFlags: 0
  m_CorrespondingSourceObject: {fileID: 0}
  m_PrefabInstance: {fileID: 0}
  m_PrefabAsset: {fileID: 0}
  serializedVersion: 6
  m_Component:
  - component: {fileID: 4539446762663923890}
  m_Layer: 0
  m_Name: TarsusMidRear.L_end
  m_TagString: Untagged
  m_Icon: {fileID: 0}
  m_NavMeshLayer: 0
  m_StaticEditorFlags: 0
  m_IsActive: 1
--- !u!4 &4539446762663923890
Transform:
  m_ObjectHideFlags: 0
  m_CorrespondingSourceObject: {fileID: 0}
  m_PrefabInstance: {fileID: 0}
  m_PrefabAsset: {fileID: 0}
  m_GameObject: {fileID: 8876702204976581012}
  m_LocalRotation: {x: 0, y: -0, z: -0, w: 1}
  m_LocalPosition: {x: -0, y: 0.0048551187, z: 0}
  m_LocalScale: {x: 1, y: 1, z: 1}
  m_Children: []
  m_Father: {fileID: 3498813997178517182}
  m_RootOrder: 0
  m_LocalEulerAnglesHint: {x: 0, y: 0, z: 0}
--- !u!1 &8926317913818644488
GameObject:
  m_ObjectHideFlags: 0
  m_CorrespondingSourceObject: {fileID: 0}
  m_PrefabInstance: {fileID: 0}
  m_PrefabAsset: {fileID: 0}
  serializedVersion: 6
  m_Component:
  - component: {fileID: 6349548590787358019}
  m_Layer: 0
  m_Name: TarsusMid.L_end
  m_TagString: Untagged
  m_Icon: {fileID: 0}
  m_NavMeshLayer: 0
  m_StaticEditorFlags: 0
  m_IsActive: 1
--- !u!4 &6349548590787358019
Transform:
  m_ObjectHideFlags: 0
  m_CorrespondingSourceObject: {fileID: 0}
  m_PrefabInstance: {fileID: 0}
  m_PrefabAsset: {fileID: 0}
  m_GameObject: {fileID: 8926317913818644488}
  m_LocalRotation: {x: 0, y: -0, z: -0, w: 1}
  m_LocalPosition: {x: -0, y: 0.0052551264, z: 0}
  m_LocalScale: {x: 1, y: 1, z: 1}
  m_Children: []
  m_Father: {fileID: 2637458721859229989}
  m_RootOrder: 0
  m_LocalEulerAnglesHint: {x: 0, y: 0, z: 0}
--- !u!1 &8976521559693380609
GameObject:
  m_ObjectHideFlags: 0
  m_CorrespondingSourceObject: {fileID: 0}
  m_PrefabInstance: {fileID: 0}
  m_PrefabAsset: {fileID: 0}
  serializedVersion: 6
  m_Component:
  - component: {fileID: 1924636361694687385}
  m_Layer: 0
  m_Name: PatellaTibiaMidFront.L
  m_TagString: Untagged
  m_Icon: {fileID: 0}
  m_NavMeshLayer: 0
  m_StaticEditorFlags: 0
  m_IsActive: 1
--- !u!4 &1924636361694687385
Transform:
  m_ObjectHideFlags: 0
  m_CorrespondingSourceObject: {fileID: 0}
  m_PrefabInstance: {fileID: 0}
  m_PrefabAsset: {fileID: 0}
  m_GameObject: {fileID: 8976521559693380609}
  m_LocalRotation: {x: 0.00006109518, y: 0.00019580507, z: 0.29575405, w: 0.95526415}
  m_LocalPosition: {x: 7.53389e-10, y: 0.011639708, z: 8.731149e-12}
  m_LocalScale: {x: 1, y: 0.99999994, z: 0.99999994}
  m_Children:
  - {fileID: 5671456449753995551}
  m_Father: {fileID: 8507585590609455491}
  m_RootOrder: 0
  m_LocalEulerAnglesHint: {x: -57.476482, y: -109.605354, z: 111.96158}
--- !u!1 &9163957467052634006
GameObject:
  m_ObjectHideFlags: 0
  m_CorrespondingSourceObject: {fileID: 0}
  m_PrefabInstance: {fileID: 0}
  m_PrefabAsset: {fileID: 0}
  serializedVersion: 6
  m_Component:
  - component: {fileID: 4797316361473048382}
  m_Layer: 0
  m_Name: Carapace
  m_TagString: Untagged
  m_Icon: {fileID: 0}
  m_NavMeshLayer: 0
  m_StaticEditorFlags: 0
  m_IsActive: 1
--- !u!4 &4797316361473048382
Transform:
  m_ObjectHideFlags: 0
  m_CorrespondingSourceObject: {fileID: 0}
  m_PrefabInstance: {fileID: 0}
  m_PrefabAsset: {fileID: 0}
  m_GameObject: {fileID: 9163957467052634006}
  m_LocalRotation: {x: 0.9999391, y: -0.000000051446023, z: -0.000004655715, w: 0.011041642}
  m_LocalPosition: {x: -0, y: 0.0023472286, z: 0.0004868637}
  m_LocalScale: {x: 1, y: 1, z: 1.0004199}
  m_Children:
  - {fileID: 7926285081736743937}
  - {fileID: 4998114496923042540}
  - {fileID: 7523861369486040828}
  - {fileID: 8067972706249918871}
  - {fileID: 2090573760056329380}
  - {fileID: 5344176283895560775}
  - {fileID: 8325534404898824591}
  - {fileID: 97585688925400177}
  - {fileID: 2973659786444138668}
  - {fileID: 2066553890578435815}
  - {fileID: 2568758879650834839}
  m_Father: {fileID: 1777215041867138202}
  m_RootOrder: 0
  m_LocalEulerAnglesHint: {x: -22.644829, y: -179.99942, z: 179.9999}
--- !u!1 &9175941791393097096
GameObject:
  m_ObjectHideFlags: 0
  m_CorrespondingSourceObject: {fileID: 0}
  m_PrefabInstance: {fileID: 0}
  m_PrefabAsset: {fileID: 0}
  serializedVersion: 6
  m_Component:
  - component: {fileID: 7926285081736743937}
  m_Layer: 0
  m_Name: Abdomen
  m_TagString: Untagged
  m_Icon: {fileID: 0}
  m_NavMeshLayer: 0
  m_StaticEditorFlags: 0
  m_IsActive: 1
--- !u!4 &7926285081736743937
Transform:
  m_ObjectHideFlags: 0
  m_CorrespondingSourceObject: {fileID: 0}
  m_PrefabInstance: {fileID: 0}
  m_PrefabAsset: {fileID: 0}
  m_GameObject: {fileID: 9175941791393097096}
  m_LocalRotation: {x: 0.9988098, y: 0.0000000011560549, z: -0.000009296861, w: -0.048774812}
  m_LocalPosition: {x: -0.0000000010743898, y: -0.0017938766, z: -0.000115352785}
  m_LocalScale: {x: 1, y: 0.99999994, z: 0.9999848}
  m_Children:
  - {fileID: 7744675154633129644}
  m_Father: {fileID: 4797316361473048382}
  m_RootOrder: 0
  m_LocalEulerAnglesHint: {x: -19.377176, y: -179.99889, z: 179.99986}
