%YAML 1.1
%TAG !u! tag:unity3d.com,2011:
--- !u!1 &3084551282961204624
GameObject:
  m_ObjectHideFlags: 0
  m_CorrespondingSourceObject: {fileID: 0}
  m_PrefabInstance: {fileID: 0}
  m_PrefabAsset: {fileID: 0}
  serializedVersion: 6
  m_Component:
  - component: {fileID: 2378897245648873574}
  - component: {fileID: 1262743145078003438}
  - component: {fileID: 5992848867472477835}
  - component: {fileID: 1540279810737906780}
  - component: {fileID: 2187380218030087517}
  - component: {fileID: 5926977590771384037}
  - component: {fileID: 2161040024660871564}
  - component: {fileID: 1309840865}
  - component: {fileID: 1309840873}
  m_Layer: 0
  m_Name: bucket
  m_TagString: Flammable
  m_Icon: {fileID: 0}
  m_NavMeshLayer: 0
  m_StaticEditorFlags: 0
  m_IsActive: 1
--- !u!4 &2378897245648873574
Transform:
  m_ObjectHideFlags: 0
  m_CorrespondingSourceObject: {fileID: 0}
  m_PrefabInstance: {fileID: 0}
  m_PrefabAsset: {fileID: 0}
  m_GameObject: {fileID: 3084551282961204624}
  m_LocalRotation: {x: -0.7069834, y: 0, z: 0, w: 0.7072302}
  m_LocalPosition: {x: -0.7622349, y: -0.033504274, z: -2.0742693}
  m_LocalScale: {x: 1, y: 1, z: 1}
  m_Children: []
  m_Father: {fileID: 0}
  m_RootOrder: 0
  m_LocalEulerAnglesHint: {x: -89.98, y: 0, z: 0}
--- !u!33 &1262743145078003438
MeshFilter:
  m_ObjectHideFlags: 0
  m_CorrespondingSourceObject: {fileID: 0}
  m_PrefabInstance: {fileID: 0}
  m_PrefabAsset: {fileID: 0}
  m_GameObject: {fileID: 3084551282961204624}
  m_Mesh: {fileID: 78763479650361965, guid: c916a1362d2f8eb438090226d6158393, type: 3}
--- !u!23 &5992848867472477835
MeshRenderer:
  m_ObjectHideFlags: 0
  m_CorrespondingSourceObject: {fileID: 0}
  m_PrefabInstance: {fileID: 0}
  m_PrefabAsset: {fileID: 0}
  m_GameObject: {fileID: 3084551282961204624}
  m_Enabled: 1
  m_CastShadows: 1
  m_ReceiveShadows: 1
  m_DynamicOccludee: 1
  m_MotionVectors: 1
  m_LightProbeUsage: 1
  m_ReflectionProbeUsage: 1
  m_RayTracingMode: 2
  m_RenderingLayerMask: 1
  m_RendererPriority: 0
  m_Materials:
  - {fileID: 2100000, guid: 973a981e9f78e0d4fb420beeb187d175, type: 2}
  m_StaticBatchInfo:
    firstSubMesh: 0
    subMeshCount: 0
  m_StaticBatchRoot: {fileID: 0}
  m_ProbeAnchor: {fileID: 0}
  m_LightProbeVolumeOverride: {fileID: 0}
  m_ScaleInLightmap: 1
  m_ReceiveGI: 1
  m_PreserveUVs: 0
  m_IgnoreNormalsForChartDetection: 0
  m_ImportantGI: 0
  m_StitchLightmapSeams: 1
  m_SelectedEditorRenderState: 3
  m_MinimumChartSize: 4
  m_AutoUVMaxDistance: 0.5
  m_AutoUVMaxAngle: 89
  m_LightmapParameters: {fileID: 0}
  m_SortingLayerID: 0
  m_SortingLayer: 0
  m_SortingOrder: 0
--- !u!64 &1540279810737906780
MeshCollider:
  m_ObjectHideFlags: 0
  m_CorrespondingSourceObject: {fileID: 0}
  m_PrefabInstance: {fileID: 0}
  m_PrefabAsset: {fileID: 0}
  m_GameObject: {fileID: 3084551282961204624}
  m_Material: {fileID: 0}
  m_IsTrigger: 0
  m_Enabled: 1
  serializedVersion: 3
  m_Convex: 1
  m_CookingOptions: 30
  m_Mesh: {fileID: 78763479650361965, guid: c916a1362d2f8eb438090226d6158393, type: 3}
--- !u!54 &2187380218030087517
Rigidbody:
  m_ObjectHideFlags: 0
  m_CorrespondingSourceObject: {fileID: 0}
  m_PrefabInstance: {fileID: 0}
  m_PrefabAsset: {fileID: 0}
  m_GameObject: {fileID: 3084551282961204624}
  serializedVersion: 2
  m_Mass: 1
  m_Drag: 0
  m_AngularDrag: 0.05
  m_UseGravity: 1
  m_IsKinematic: 0
  m_Interpolate: 0
  m_Constraints: 0
  m_CollisionDetection: 0
--- !u!135 &5926977590771384037
SphereCollider:
  m_ObjectHideFlags: 0
  m_CorrespondingSourceObject: {fileID: 0}
  m_PrefabInstance: {fileID: 0}
  m_PrefabAsset: {fileID: 0}
  m_GameObject: {fileID: 3084551282961204624}
  m_Material: {fileID: 0}
  m_IsTrigger: 1
  m_Enabled: 1
  serializedVersion: 2
  m_Radius: 1
  m_Center: {x: 0.00000017881393, y: 0, z: 0.018992653}
--- !u!114 &2161040024660871564
MonoBehaviour:
  m_ObjectHideFlags: 0
  m_CorrespondingSourceObject: {fileID: 0}
  m_PrefabInstance: {fileID: 0}
  m_PrefabAsset: {fileID: 0}
  m_GameObject: {fileID: 3084551282961204624}
  m_Enabled: 1
  m_EditorHideFlags: 0
  m_Script: {fileID: 11500000, guid: 344fe3850a33dde459e8df763ce6c5aa, type: 3}
  m_Name: 
  m_EditorClassIdentifier: 
  _startOnFire: 0
  _burnThreshold: 3
  _extinguishThreshold: 15
  _temperatureDeltaWhileBurning: 1
  _isBurning: 0
  _emissionMesh: {fileID: 5992848867472477835}
  _emissionSkinnedMesh: {fileID: 0}
  _useSkinnedMesh: 0
  _fireColliderTrigger: {fileID: 5926977590771384037}
  _fireParticleSysPrefab: {fileID: 5579418006267445530, guid: 62cb983c45390e14981823a48f54d654,
    type: 3}
  _blackMat: {fileID: 2100000, guid: 20182db3732ea0c4fa190905f6b1e37e, type: 2}
  _burnSoundClips:
  - {fileID: 8300000, guid: 08c90dfc324ff124583bf1256a11a87d, type: 3}
  - {fileID: 8300000, guid: 4db77b47827da9d40b3ffa3ca0217cd4, type: 3}
  - {fileID: 8300000, guid: 6e074be706a99354ab193e9523c4144c, type: 3}
--- !u!114 &1309840865
MonoBehaviour:
  m_ObjectHideFlags: 0
  m_CorrespondingSourceObject: {fileID: 0}
  m_PrefabInstance: {fileID: 0}
  m_PrefabAsset: {fileID: 0}
  m_GameObject: {fileID: 3084551282961204624}
  m_Enabled: 1
  m_EditorHideFlags: 0
  m_Script: {fileID: 11500000, guid: 50fb8f32a4194ed46baa6338d7c04c87, type: 3}
  m_Name: 
  m_EditorClassIdentifier: 
  _hardImpacts:
  - {fileID: 8300000, guid: 18a0c541aa62be6449a25a9e150e7a8a, type: 3}
  - {fileID: 8300000, guid: 400b811d04508904aad79f671f90a4e1, type: 3}
  - {fileID: 8300000, guid: 11b4763f8e3bca847aac6b80a344ddd1, type: 3}
  - {fileID: 8300000, guid: 746686e7f9338c242befc44dcb06eb8e, type: 3}
  - {fileID: 8300000, guid: c080028e8c3697640916b00de078c30a, type: 3}
  - {fileID: 8300000, guid: b94c552a1ba280040b095bace5cd00a0, type: 3}
  _hardImpactVelocityThreshold: 15
  _softImpacts:
  - {fileID: 8300000, guid: 70f4dc275f109b64c963d221059c124a, type: 3}
  - {fileID: 8300000, guid: 4d6bdc3b8a037d94a97f516289233702, type: 3}
  - {fileID: 8300000, guid: 3404179fbeff8d644b24e3f43b8c20ea, type: 3}
  _softImpactVelocityThreshold: 0
  _breakSounds: []
  _dragSounds: []
  volume_Multiplier: 1
  producesDetectableSounds: 0
  producesDetectableOnHardImpactOnly: 0
  detectableSoundVolMultiplier: 1
--- !u!114 &1309840873
MonoBehaviour:
  m_ObjectHideFlags: 0
  m_CorrespondingSourceObject: {fileID: 0}
  m_PrefabInstance: {fileID: 0}
  m_PrefabAsset: {fileID: 0}
  m_GameObject: {fileID: 3084551282961204624}
  m_Enabled: 1
  m_EditorHideFlags: 0
  m_Script: {fileID: 11500000, guid: 7e46ca9d10a75c0449ffbcb4c0bd28f1, type: 3}
  m_Name: 
  m_EditorClassIdentifier: 
